2434 3992
714 150 841 219 308
1243 152 1634 217 Bannmcn
1675 145 1853 219 XIV.

447 270 489 321 P
510 286 541 319 o
558 286 589 319 ιι
610 284 657 318 τ.
714 276 926 317 omnes
952 268 1015 316 et
1042 257 1280 333 singuli
1303 291 1322 331 ,-
1349 258 1428 317 de
1467 259 1692 336 quibus
1723 279 1911 337 supra
1949 259 2170 321 dietum
2195 267 2285 325 est
2307 268 2324 337 ,'

463 338 533 389 Δ.
564 337 627 389 V·
712 345 897 412 atque
937 331 1039 392 alii
1082 335 1458 411 quicumque
1495 338 1682 395 etiam
1713 337 1991 412 specifica
2029 350 2090 397 et
2122 340 2317 401 indivia

708 410 833 469 dua
883 411 1195 483 mentione
1259 411 1466 487 digni,-
1515 431 1685 487 aeque
1723 423 2055 473 teneantur
2107 418 2318 487 Missam

708 484 1123 545 Parochialem
1162 485 1474 563 applicare
1521 508 1636 563 pro
1667 488 1934 565 Populo,
1977 498 2053 549 ut
2097 492 2311 566 praefer-

704 573 811 621 tur
830 607 846 637 ‚
878 564 1153 639 ipsorum
1184 582 1346 621 curae
1393 564 1738 623 commisso.

438 677 559 734 Non
590 683 678 732 ob.
778 670 834 807 ξ.
876 670 935 731 5.
977 671 1273 733 Nonnulli
1299 684 1447 734 vero
1473 671 1550 731 ad
1589 672 1951 732 evitandum
1986 673 2308 752 huiusmodi

404 754 577 799 stante
596 749 678 799 de·
704 746 783 807 ob
812 751 1089 826 igationis
1118 747 1582 825 implementum
1601 783 1620 822 ‚-
1643 747 1902 824 allegare
1924 748 2161 825 solent,
2187 770 2303 813 con'·

402 813 543 865 fectu
565 814 679 867 0⁰1¹
702 842 883 897 gruos
901 826 1013 884 sibi
1038 825 1344 885 Parochiae
1367 845 1490 883 suae
1519 824 1796 885 redditus
1823 844 1950 884 non
1975 837 2302 905 suppetere3

401 890 803 959 grnaeffntagii
880 903 1145 979 denique
1219 900 1296 959 ad
1367 904 1771 960 inveteratam
1828 904 2302 963 consuetudinem

400 963 673 1066 3:3⁰5}
699 979 1096 1055 confugiunt,
1147 976 1517 1036 sustinentes
1561 976 1624 1033 id
1666 996 1868 1055 neque
1921 978 2079 1052 sihi,
2136 1000 2299 1055 neque

399 1080 556 1130 truria
576 1098 671 1132 con
696 1054 1110 1144 decessoribus
1160 1055 1284 1113 suis
1310 1098 1325 1124 ,
1374 1069 1485 1129 per
1526 1050 1776 1128 longum
1829 1062 2107 1130 tempus,
2162 1056 2296 1131 quod

395 1144 672 1199 „nundine
697 1127 1179 1191 immemorabile
1203 1128 1544 1199 affirmant,
1573 1147 1850 1204 unquam
1883 1132 1944 1187 in
1975 1151 2089 1189 usu
2115 1132 2293 1191 fuisse.

695 1212 815 1267 Nos
863 1219 1069 1268 autem
1124 1204 1203 1265 ad
1236 1204 1648 1283 praecedentes
1698 1206 2005 1282 praedictae
2053 1212 2289 1284 Congre-

690 1286 951 1359 gationis
976 1279 1236 1343 Concilii
1274 1280 1676 1341 resolutiones
1715 1283 1991 1341 nostram·
2021 1284 2290 1360 approba-

692 1362 922 1419 tionem
956 1370 1017 1419 et
1042 1357 1570 1417 confirmationem
1602 1357 2021 1433 extendimus3
2047 1372 2139 1429 et,
2168 1382 2287 1437 qua·

688 1447 869 1495 tenus
910 1455 1061 1512 opus
1100 1434 1182 1492 sit
1213 1478 1230 1506 ,
1265 1435 1631 1493 auctoritate
1673 1432 2059 1510 Apostolica,
2097 1439 2288 1496 iterum

686 1522 904 1570 tenore
937 1511 1336 1587 praesentium
1367 1508 1754 1567 decernimus
1773 1555 1789 1579 ,
1818 1521 1881 1569 et
1902 1509 2284 1585 declaramus,

686 1588 851 1665 quod
891 1584 1031 1646 licet
1065 1585 1354 1657 Parochi,
1397 1605 1502 1645 seu
1539 1583 1678 1658 alii,
1723 1596 1796 1644 ut
1832 1606 2052 1663 supra,
2085 1592 2283 1649 anima·

685 1676 822 1725 rum
868 1683 1081 1723 curam
1120 1660 1454 1737 habentes,
1493 1661 1776 1735 congruis
1814 1663 2131 1737 praefinitis
2173 1665 2280 1725 red·

683 1732 911 1801 ditibus
960 1738 1413 1812 destituantur,
1469 1746 1532 1795 et
1581 1740 1860 1814 quamvis
1901 1742 2152 1817 antiqua
2198 1762 2281 1799 seu

683 1819 869 1877 etiam
917 1811 1388 1876 immemorabili
1430 1814 1874 1873 consuetudine
1913 1816 1981 1873 in
2041 1820 2278 1893 ipsorum

680 1892 1051 1953 Dioecesibus
1073 1935 1090 1964 ,
1129 1911 1235 1949 seu
1269 1888 1572 1949 parochiis
1615 1887 1992 1964 obtinuerit,
2030 1904 2102 1952 ut
2135 1896 2278 1953 Missa
2380 1928 2381 1941 2

676 1984 792 2044 pro
826 1966 1057 2043 Populo
1096 1984 1220 2024 non
1261 1964 1712 2041 applicaretur,
1756 1966 1968 2025 eadem
2005 1968 2272 2035 nihilomi-

676 2060 793 2103 nus
813 2040 1065 2133 omnino
1084 2041 1145 2101 in
1165 2052 1482 2119 posterum
1498 2041 1576 2100 ab
1596 2042 1737 2122 ipsis
1753 2041 1977 2102 debeat
1991 2044 2272 2122 applicari.

456 2179 649 2235 Diebus
748 2160 804 2239 S.
820 2159 881 2219 6.
908 2165 1068 2220 Dum
1082 2164 1294 2221 tamen
1317 2160 1582 2221 diximus
1603 2179 1813 2221 omnes
1835 2162 2174 2223 animarum
2187 2184 2266 2223 cu·

376 2254 545 2303 tamen
558 2252 647 2305 Fe-
674 2256 807 2297 ram
826 2236 1152 2310 habentes,
1180 2238 1370 2297 Missae
1399 2238 1769 2298 Sacrificium
1843 2260 1914 2297 ro
1931 2238 2158 2315 Populo
2177 2239 2268 2298 sibi
2376 2246 2377 2271 ³

372 2319 467 2367 stis
520 2322 584 2371 de
672 2316 991 2373 commisso
1006 2313 1318 2390 applicare
1330 2312 1554 2373 debere
1573 2354 1592 2377 ‚
1611 2314 1772 2373 noni
1817 2333 1890 2371 eo
1909 2326 2170 2375 statuere
2185 2337 2264 2374 vo·

370 2394 646 2505 gzffffiffit
670 2389 923 2526 lu{mgis,
950 2390 1191 2481 eosdem
1216 2399 1328 2523 {lut
1349 2389 1654 2525 qugtidie,
1673 2399 1782 2448 aut
1843 2393 2265 2480 uotiescumque

668 2478 1161 2621 ἓίἔῃιῖἳίἳὲἑί
1188 2487 1286 2600 ²ss.
1301 2476 2264 2617 ffidssffffassffissffiffiffdssss?

666 2624 801 2680 tina
826 2618 1107 2693 Synodus
1120 2637 1266 2675 sess.
1293 2618 1390 2677 23.
1415 2637 1550 2692 cap.
1577 2614 1666 2691 14.
1693 2620 1974 2695 praecipit
1993 2622 2258 2697 Episcopis

665 2716 917 2766 curare,
949 2706 1020 2755 ut
1050 2693 1406 2754 Sacerdotes
1439 2692 1652 2753 saltem
1678 2694 1894 2753 diebus
1924 2698 2252 2768 Dominicis,

664 2785 727 2851 et
765 2773 959 2833 Festis
994 2769 1404 2843 solemnibu3‚
1442 2771 1758 2831 Missurum
1807 2791 1980 2831 sacra
2028 2772 2254 2844 faciant,

658 2852 713 2907 si
748 2859 953 2906 autem
992 2866 1199 2903 curam
1235 2845 1548 2903 habuerint
1584 2846 1926 2903 animarum
1955 2890 1971 2915 ,
2009 2860 2128 2905 tam
2143 2847 2250 2925 sre-

694 2935 899 2982 uenter
912 2965 929 2995 ‚
966 2933 1033 2979 at
1063 2942 1169 2979 suo
1199 2923 1431 2979 muneri
1447 2918 1822 2997 satisfaciant
1839 2964 1856 2995 ‚
1885 2925 2113 2983 Missas
2133 2925 2248 2981 eele-

690 3010 818 3057 rent
842 3022 869 3070 ;
908 3001 972 3057 in
1018 2996 1303 3074 pluribus
1343 3008 1552 3059 autem
1593 2997 2007 3070 synodalibus
2044 3002 2245 3076 Episco-

652 3096 873 3155 porum
912 3073 1470 3135 constitutionibus
1513 3075 1796 3135 novimus
1841 3077 2098 3150 provide
2133 3096 2244 3135 con·

650 3154 899 3213 stitutos
920 3195 937 3221 ‚
969 3149 1404 3227 ac'designatos
1437 3170 1562 3209 esse
1589 3149 1754 3215 dies,
1795 3151 2022 3227 quibus
2049 3154 2240 3211 anima·

648 3248 790 3289 rum
819 3233 1091 3287 Pastores
1128 3230 1335 3287 Missas
1361 3224 1670 3287 celebrare
1703 3226 1998 3288 debeant.
2028 3232 2106 3288 At
2124 3245 2239 3289 vero

648 3308 774 3364 Nos
806 3303 867 3363 id
897 3324 1091 3363 unum
1117 3305 1181 3362 in
1221 3305 1503 3379 praesenti
1544 3304 1922 3379 suscepimus
1958 3304 2238 3364 decernen-

646 3379 795 3446 dum
822 3423 840 3453 ‚
876 3379 1125 3463 quando
1176 3380 1474 3441 nimirum
1505 3378 1688 3439 iidem
1733 3400 1851 3460 pro
1899 3378 2120 3463 Populo
2159 3397 2232 3439 ce·
