2434 3992
769 170 1220 237 BULLARmM.
1713 200 1742 243 1
1761 180 1832 243 15

198 289 453 357 pergant
487 276 699 339 dilecti
732 276 871 337 Filii
898 278 1143 338 Nobiles
1159 278 1296 338 Viri
1321 280 1579 340 Senator
1611 282 1830 357 Urbis,
1887 300 2095 357 Anno

198 369 259 417 et
283 362 701 417 Romanorum
740 357 1020 426 Civium,
1052 367 1115 415 et
1152 359 1424 414 Camerae
1455 356 1638 417 Urbis
1673 358 1828 419 Con·
1925 364 2070 432 ¹743·

198 444 567 507 servatores3
594 452 861 507 quorum
930 434 1129 491 ietatis
1154 431 1426 507 exemplo
1449 446 1794 497 coenmotus
1812 484 1829 511 ,

198 511 275 571 ad
311 508 547 569 debitas
603 510 936 567 immortai
993 513 1118 567 Deo
1171 510 1398 583 gratias
1442 508 1786 573 reddendas
1811 560 1828 588 ,

196 606 307 662 pro
358 583 654 647 ineffabili
708 599 966 645 munere
1016 585 1071 643 ei
1122 584 1348 645 collato
1399 588 1462 645 in
1499 592 1830 649 Beatorum

198 659 633 739 Apostolorum
676 663 887 734 Petri,
944 670 1006 719 et
1045 660 1219 719 Pauli
1257 664 1639 736 patrocinio,
1689 670 1826 725 uni-

197 759 399 799 versus
424 743 740 797 Romanus
778 734 1043 814 Populus
1081 736 1307 796 celebri
1354 738 1734 817 frequentia,
1767 752 1829 802 et

198 814 406 875 aemula
460 814 871 875 festinatione·
900 813 1191 874 accedere
1239 814 1596 875 contendat.

266 890 319 969 §-
370 910 460 949 11.
503 891 933 950 Pomeridiano
974 901 1181 949 autem
1238 902 1516 967 tempore
1565 890 1826 954 aliorum
1894 918 2123 985 Singffl,

198 966 429 1027 dierum
455 1009 474 1039 ,
527 986 742 1026 omnes
795 967 1350 1033 confraternitates
1402 968 1588 1045 hujus
1631 968 1825 1031 Almae
1846 986 2028 1037 diebus

199 1044 372 1105 Urbis
395 1089 414 1116 ‚
533 1066 566 1102 r
591 1042 1020 1105 Venerabilem
1046 1049 1330 1105 Fratrem
1361 1056 1642 1107 nostrum
1666 1050 1726 1105 S.
1747 1052 1822 1107 R.
1847 1054 2104 1119 supplica.

197 1123 257 1178 E.
302 1126 426 1181 Car
474 1120 699 1179 inalem
726 1121 1040 1181 Vicarium
1094 1140 1211 1195 pro
1263 1131 1544 1196 tempore
1579 1122 1830 1197 publico
1850 1119 2016 1169 ῑὶθῦθῦ

198 1196 389 1257 edicto
430 1195 790 1275 intimandae
819 1240 832 1267 ,
873 1198 1046 1257 statis
1088 1199 1211 1258 suis
1271 1216 1526 1273 quaeque
1567 1184 2123 1276 diebus,c.⁰⁰5¹²‘⁶¹'

196 1272 264 1331 ad
306 1294 445 1333 eam
486 1272 857 1339 Ecclesiam,
901 1272 1009 1332 ubi
1067 1294 1248 1333 mane
1299 1276 1478 1335 Missa
1510 1276 1574 1334 in
1629 1275 1822 1335 hono-
1848 1258 2095 1330 ''¹¹⁸¹''m-

198 1369 315 1409 rem
358 1348 799 1427 Apostolorum
845 1348 1148 1409 celebrata
1186 1351 1408 1423 fuerit,
1447 1353 1578 1427 pie,
1623 1373 1694 1411 ac
1718 1353 1821 1413 de·
1845 1318 2120 1434 ἓῗῧξῐέΐῗ

196 1436 330 1485 vote·
385 1427 746 1503 procedant.
806 1425 1065 1501 Singulis
1124 1436 1332 1485 autem
1389 1428 1824 1491 confratribus
1843 1451 2125 1502 elegiam.

194 1502 714 1576 processionaliter
760 1502 1191 1562 accedentibus
1216 1514 1448 1579 septem
1477 1526 1672 1564 annos
1701 1549 1716 1574 ,
1759 1519 1823 1566 et
1847 1517 1976 1569 beri.

196 1578 445 1638 totidem
493 1579 951 1654 quadragenaS,
990 1590 1054 1638 et
1088 1578 1227 1638 aliis
1266 1579 1552 1639 omnibus
1595 1583 1822 1641 utrius-

195 1674 303 1729 que
345 1674 524 1714 sexns
574 1654 1093 1735 christifidelibus
1134 1675 1283 1716 vere
1334 1656 1781 1729 poenitentibus
1805 1702 1823 1731 ‚

196 1740 249 1789 et
284 1728 575 1790 confessis
602 1772 620 1795 ‚
672 1732 777 1807 qui
820 1730 1100 1788 eamdem
1137 1728 1466 1789 Ecclesiam
1489 1772 1504 1799 ,
1555 1731 1664 1791 ubi
1701 1744 1820 1792 sta-

196 1808 273 1863 tio
296 1809 453 1879 erit,
493 1805 767 1881 religiose
786 1806 1182 1866 visitaverint
1202 1850 1220 1875 ,
1255 1804 1334 1865 de
1366 1807 1824 1882 omnipotentis

196 1884 292 1941 Dei
344 1882 769 1943 misericordia
820 1880 1071 1949 confisi,
1119 1891 1372 1941 centum
1429 1882 1558 1941 dies
1599 1883 1678 1943 de
1729 1886 1822 1943 in-

194 1961 406 2033 iunctis
444 1961 563 2035 εἰς,
604 1968 715 2017 aut
744 1955 893 2017 alias
936 1956 1400 2032 quomodolibet
1436 1956 1660 2019 debitis
1696 1976 1820 2035 poe·

197 2036 460 2095 nitentiis
490 2077 506 2105 ,
554 2033 1027 2093 misericorditer
1053 2035 1117 2092 in
1149 2037 1414 2093 Domino
1455 2032 1847 2115 relaxamus„

260 2108 313 2188 §-
351 2130 449 2169 η.
492 2115 811 2171 Monemus
860 2121 1069 2173 autem
1121 2110 1183 2168 in
1237 2112 1500 2170 Domino
1531 2152 1551 2179 ,
1607 2124 1674 2173 et
1723 2114 1815 2173 in·
1908 2106 2118 2188 ᾼᾶῐὶῡΐ·

194 2189 443 2247 stantius
493 2206 779 2263 rogamus
834 2204 1045 2246 omnes
1092 2186 1534 2247 Christifideles
1589 2190 1654 2247 in
1702 2182 1972 2251 hacmm
2018 2178 2081 2229 ’ἃ

194 2259 339 2322 alma
374 2264 547 2325 Urbe
582 2272 791 2335 natos,
826 2274 888 2322 et
911 2274 1398 2336 commorantes,
1443 2275 1516 2323 ut
1549 2267 1651 2340 pia
1689 2288 1813 2327 ma·
1841 2244 2056 2360 “¹¹33

193 2341 379 2411 iorum
412 2360 581 2399 exem
630 2336 687 2396 la
713 2340 779 2397 in
802 2341 1202 2399 veneratione
1229 2359 1374 2414 erga
1407 2344 1620 2399 Beatos
1649 2347 1810 2418 Apo·
1835 2328 1899 2423 ᾗ*
1941 2328 1956 2360 ¹
2065 2340 2082 2351 “

192 2412 365 2475 stolos
400 2414 587 2475 lauda
635 2414 699 2472 ili
748 2416 954 2474 studio
999 2413 1390 2485 aemulantes»,
1433 2416 1496 2474 in
1539 2416 1814 2477 Ecclesiis
1837 2394 2115 2491 §30:¹25

192 2508 222 2546 a
277 2490 465 2551 Nobis
510 2492 861 2551 constitutis
908 2491 1131 2549 devota
1188 2488 1542 2551 celebritate
1587 2513 1815 2553 conve·
1837 2508 2062 2573 postolo«
2097 2544 2112 2561 ,

194 2566 386 2641 uiant,
433 2579 497 2627 et
538 2561 839 2643 spirituali
883 2565 1097 2626 laetitia
1137 2564 1513 2635 exaltatum,
1560 2566 1812 2630 laudan·
1835 2576 1902 2624 ob
1963 2575 2109 2623 bew-

192 2651 391 2720 tesque
434 2649 663 2713 Deum,
708 2644 814 2717 qui
852 2642 1230 2717 glorificatur
1269 2643 1332 2699 in
1366 2644 1602 2701 Sanctis
1641 2641 1810 2717 suis,
1838 2639 2070 2690 fictorum

191 2727 413 2779 tantam
450 2718 684 2780 Natalis
726 2720 849 2779 diei
895 2727 943 2780 A
992 2716 1332 2778 ostolorum
1377 2716 1690 2779 celebrent
1717 2740 1810 2779 so·
1837 2722 2023 2783 :nemo-

190 2790 579 2855 lemnitatem.
607 2796 916 2871 Siquidem
987 2816 1019 2853 e
1049 2794 1330 2871 pracsidio
1360 2793 1660 2855 divinitus
1692 2800 1809 2855 No·
1837 2790 1985 2824 ‘¹⁸¹⁸’

188 2867 331 2940 his,·
378 2871 454 2931 ad
497 2869 839 2947 exemplum
882 2872 1195 2948 patientiae
1223 2916 1238 2943 ,
1295 2874 1359 2929 et
1397 2870 1810 2931 confirmatio-

122 3016 127 3019 ·
190 2965 321 3005 nem
349 2948 523 3016 fidei,
551 2958 893 3023 praeparato
916 2994 933 3019 ,
966 2948 1033 3006 in
1064 2948 1286 3006 horn‘m
1321 2946 1675 3006 excellentia
1703 2953 1808 3011 Pa-

189 3031 345 3081 trum
380 3024 604 3084 merito
649 3034 741 3081 est
782 3022 1151 3083 exultantius
1188 3020 1610 3098 gloriandum,
1658 3045 1810 3101 quos

220 3101 371 3158 ratia
408 3102 517 3159 Dei
569 3102 631 3158 in
676 3110 911 3159 tantam
952 3098 1340 3158 altitudinem
1378 3102 1692 3175 provexit,
1740 3114 1810 3161 ut

228 3195 399 3234 orum
434 3176 619 3236 alteri
661 3197 944 3251 magnum
972 3222 989 3247 ‚
1030 3186 1092 3233 et
1124 3174 1404 3233 mirabile
1430 3178 1808 3237 consortium

183 3254 457 3325 potentiae
500 3274 623 3311 suae
677 3252 969 3311 tribuerit
1010 3252 1232 3312 Divina
1280 3250 1596 3327 ›dignati03
1651 3251 1818 3313 alter·

185 3347 327 3385 vero
348 3334 467 3391 Vas
490 3327 803 3388 electionis
819 3371 834 3398 ‚
863 3340 925 3387 et
942 3326 1217 3403 specialis
1242 3333 1468 3387 Doctor
1491 3329 1807 3403 Gentium,

183 3422 435 3479 superno
468 3403 754 3481 oraculo,
784 3416 845 3465 et
878 3403 1122 3467 Coelesti
1157 3406 1460 3465 sententia
1485 3406 1670 3467 fuerit
1699 3407 1800 3466 de-
