2434 3992
731 177 1184 247 nummum.
1655 180 1781 274 395

157 311 182 344 ιι
223 287 456 348 nitores
506 299 799 347 moneant
823 334 840 362 ‚
880 309 1065 366 (fuam
1114 290 1359 352 dissona
1398 291 1479 352 sit
1522 293 1782 370 virginei
1842 309 1886 356 Α
1912 321 2051 356 uuo

156 390 182 422 ιι
217 365 472 444 pudoris
489 361 724 440 legibus
749 366 1343 444 ejusmodiobscaena
1360 371 1781 444 consuetudo,
1879 373 2028 442 ¹744·

156 467 182 497 ιι
217 461 354 518 quae
375 461 413 501 a
439 445 572 500 Gen
583 439 779 501 tilium
805 442 1188 519 impudentia
1208 443 1459 505 videtur
1490 446 1744 524 inducta
1765 487 1781 518 ,

155 544 180 574 ιι
217 528 288 577 ut
339 519 426 578 ita
455 562 473 591 ‚
514 516 882 578 labefactata
951 518 1299 580 Puellarum
1350 523 1727 584 verecundia
1763 561 1783 596 ‚-
1820 591 1855 602 ,-

153 621 181 650 ιι
217 615 320 657 eus
353 593 650 656 effrenate
681 595 760 654 ad
794 593 1116 654 libidinem
1141 615 1479 672 provocare
1510 598 1779 659 valeant.

169 703 178 708 ·
215 675 801 732 EMINENTISSIMI
830 677 1256 734 DIXERUNT.
1296 700 1323 728 ι»
1354 675 1533 750 Quod
1560 687 1783 737 curent
1813 674 2086 728 Resoluuo

153 775 178 804 ιι
209 748 578 816 Missionarii
599 746 848 808 abolere
865 749 1087 808 festum
1103 749 1223 809 sub
1246 749 1431 810 titulo
1449 754 1747 812 Menstrui
1763 797 1781 825 ,

153 851 178 880 ιι
215 824 326 886 sed
349 823 467 886 sub
493 824 680 886 titulo
705 826 1074 902 Nuptiarum
1109 837 1354 886 tantum
1383 829 1776 906 permittant.

290 903 478 959 stria
510 899 572 976 4.
601 902 700 966 die
731 919 796 980 9⁴.
833 902 1184 978 Septembris
1224 903 1392 982 1733.
1490 977 1494 982 ,

213 981 462 1038 Nonum
503 978 776 1038 Dubium
801 975 1152 1056 supradicta
1177 979 1281 1040 die
1320 999 1412 1039 22.
1450 978 1599 1040 sulii
1636 999 1779 1058 pro·
1835 993 2085 1048 Dub.1X.

145 1057 413 1132 positum
439 1097 457 1130 ,
495 1054 602 1114 sed
642 1075 770 1116 non
817 1055 1178 1115 resolutum.
1207 1055 1355 1130 An,
1396 1068 1457 1113 et
1491 1058 1781 1135 quomodo
1804 1060 1954 1111 dilui
2003 1081 2079 1113 re.

135 1131 490 1206 pmedictam
526 1132 850 1188 ,Decretum
877 1132 957 1188 sit
976 1133 1386 1210 exequendum
1406 1133 1475 1188 in
1490 1152 1564 1190 ea
1572 1145 1750 1210 parte
1763 1179 1783 1210 ,
1806 1128 2017 1180 “flutio-

144 1229 278 1284 quoe
307 1217 402 1266 est
435 1208 650 1269 tenoris
673 1209 994 1286 sequentis.
1025 1234 1054 1264 ιι
1082 1213 1349 1268 Fructus
1376 1211 1565 1269 etiam
1599 1209 1787 1287 vulgo

150 1309 176 1339 n
208 1285 418 1346 dictus
451 1289 660 1345 'Cocco
687 1329 704 1357 ‚
742 1306 813 1344 ex
850 1291 1025 1361 cuius
1058 1285 1363 1345 fractione
1456 1289 1782 1362 rosperita·

148 1385 172 1415 π
212 1363 332 1436 tis,
375 1360 486 1438 ‚vel
523 1361 848 1421 infortunii
901 1363 1171 1438 auspicia
1224 1365 1410 1422 Genti
1438 1383 1499 1424 es
1555 1373 1789 1424 temere

143 1456 172 1488 n
213 1437 458 1498 ducunt
487 1483 504 1512 ‚
545 1437 646 1500 vel
671 1441 928 1497 omnino
950 1460 987 1498 a
1011 1439 1510 1498 Christianorum
1550 1442 1786 1517 nuptiis

146 1539 172 1569 ιι
218 1516 542 1592 reficiatur
566 1557 583 1588 ,
618 1513 718 1575 vel
755 1513 969 1572 saltem
990 1559 1006 1586 ‚
1039 1517 1088 1572 si
1114 1513 1289 1576 illum
1318 1515 1644 1577 comedere
1678 1537 1783 1579 ve·

144 1617 170 1647 ιι
215 1589 342 1650 lint
362 1635 379 1663 ‚
419 1608 547 1647 non
585 1586 831 1664 publice
856 1632 873 1661 ‚
921 1589 1028 1646 sed
1062 1603 1327 1663 secrete,
1364 1604 1425 1652 et
1466 1601 1637 1652 extra
1688 1613 1782 1653 so·
1824 1635 1831 1639 -

143 1691 168 1721 ιι
214 1665 612 1726 lemnitatem
651 1666 967 1739 aperiatur
1005 1663 1086 1720 ab
1130 1667 1202 1722 iis
1222 1711 1237 1736 ‚
1282 1670 1390 1740 qui
1421 1667 1785 1744 Evangelica

140 1769 168 1796 ιι
213 1741 364 1800 luce
409 1739 654 1812 edocti,
702 1738 782 1797 ab
826 1737 1179 1814 huiusmodi
1227 1743 1637 1816 auspiciorum
1678 1743 1785 1804 de·

141 1847 167 1874 ιι
215 1817 557 1876 lin-amento
589 1825 738 1874 sunt
771 1816 1098 1872 immunes.
1844 1883 1849 1888 β

160 1933 168 1938 -
214 1893 808 1953 EMINENTISSIMI
853 1893 1281 1952 DIXERUNT.
1330 1917 1359 1946 ιι
1407 1893 1791 1955 Servandum
1880 1899 1885 1906 ’
1944 1965 1955 1974 ,

146 1999 172 2024 ιι
215 1987 352 2031 esse
395 1973 720 2026 Decretum
754 1965 1031 2042 praedicti
1069 1969 1547 2030 Eminentissimi
1572 1972 1789 2032 Cardi-

149 2071 174 2102 ιι
217 2044 382 2106 nelis
422 2043 500 2104 de
547 2049 865 2102 Tournon.
1642 2085 1653 2092 -

215 2125 592 2182 DECIMUM
611 2123 1035 2180 SECUNDUM
1051 2125 1380 2182 DUBIUM.
1399 2121 1542 2190 Ani,
1568 2135 1629 2181 et
1680 2141 1791 2183 uos·
1808 2134 1928 2188 ΧΠ,
1947 2137 2090 2189 nub,

145 2198 322 2256 modo
358 2199 680 2256 Decretum
692 2195 971 2273 praedicti
994 2197 1471 2256 Eminentissimi
1500 2147 1679 2261 Cam?-
1710 2203 1787 2260 de
1808 2219 1963 2273 super
1985 2207 2089 2274 spi-

156 2279 432 2334 Zbumon
485 2274 565 2331 sit
612 2269 1021 2352 exequendum
1059 2272 1126 2326 in
1159 2292 1235 2328 ea
1261 2283 1436 2348 parte
1457 2317 1472 2344 ,
1517 2295 1657 2354 quoe
1700 2291 1790 2336 est
1812 2272 1991 2350 fistuli
2008 2289 2089 2351 ,⁸⁸-

146 2353 366 2410 tenon’s
389 2349 708 2428 sequentis.
745 2373 774 2403 ιι
804 2352 990 2406 Ferre
1013 2348 1249 2422 pariter
1277 2369 1402 2408 non
1432 2369 1753 2425 possumus
1770 2402 1787 2428 ‚
1810 2345 2057 2417 ⁸⁸⁸²⁰3²²¹⁸

153 2453 180 2484 ιι
221 2426 397 2505 quod
429 2448 466 2486 a
499 2425 746 2487 Medicis
797 2421 1229 2499 spiritualibus
1269 2443 1387 2499 pro
1424 2429 1790 2492 Animarum
1810 2405 2007 2456 9⁸³⁶st

156 2533 182 2560 ιι
221 2502 426 2564 salute
461 2523 532 2563 ea
573 2502 894 2562 charitatis
929 2499 1142 2560 Officia
1184 2501 1609 2578 denegentur,
1654 2525 1791 2583 quse
1812 2477 2057 2587 dffnm'

158 2611 182 2637 ιι
225 2579 447 2641 Medici
497 2576 776 2639 Gentiles
813 2575 1047 2636 Nobilis
1099 2577 1285 2636 etiam
1340 2581 1576 2652 generis
1609 2625 1625 2649 ‚
1684 2601 1787 2641 seu

157 2685 182 2714 ιι
225 2662 460 2730 Castae,
491 2675 608 2732 pro
649 2655 942 2730 Corporis
979 2651 1176 2712 salute
1202 2665 1493 2729 praestare
1530 2675 1655 2714 non
1686 2657 1791 2716 de-

159 2761 184 2791 ιι
223 2732 566 2810 dignantur
607 2731 875 2791 Infirmis
902 2775 917 2802 ‚
971 2727 1114 2789 licet
1155 2729 1407 2808 abjectae
1462 2741 1523 2790 et
1568 2733 1795 2794 infimae

160 2839 184 2868 ιι
225 2809 601 2870 conditionis
620 2854 636 2881 ‚
671 2805 858 2884 vulgo
904 2807 1084 2866 dictis
1115 2811 1354 2866 PareaS.
1403 2814 1794 2885 Quapropter

161 2916 186 2944 ιι
227 2887 510 2947 districte
542 2883 906 2944 mandamus
944 2885 1375 2956 Missionariis‚
1430 2895 1541 2957 ut,
1596 2905 1791 2960 quan-

161 2992 186 3021 ιι
225 2975 366 3024 tum
445 2965 510 3022 in
568 2962 713 3038 ipsis
781 2962 900 3020 erit
931 3004 948 3032 ‚
1021 2961 1255 3018 nemini
1320 2961 1357 3018 e
1422 2961 1795 3022 Christianis

161 3068 187 3098 ιι
229 3063 280 3102 ae
319 3040 472 3100 rotis
498 3083 514 3113 ‚
571 3037 969 3116 quantumvis
1012 3042 1229 3096 Parcas
1254 3083 1271 3111 ,
1326 3047 1389 3096 et
1432 3036 1698 3113 vilioris,
1742 3042 1795 3100 si

173 3143 187 3176 ι
231 3061 549 3186 adessent,
583 3115 823 3192 generis
840 3112 1233 3186 hominibus,
1266 3112 1669 3174 desideranda
1696 3136 1790 3176 re·

162 3221 206 3250 ιι·
229 3193 554 3272 linquatur
589 3195 652 3250 in
687 3190 1056 3250 Infirmitate
1081 3191 1257 3265 copia
1290 3189 1657 3251 confessarii
1686 3213 1702 3251 t
1732 3203 1797 3253 et

159 3297 190 3327 ιι
233 3291 314 3332 ne
335 3317 352 3344 ‚
379 3266 938 3345 ingravescentibus
970 3265 1233 3340 morbis,
1268 3286 1407 3326 cum
1440 3268 1799 3342 gravissimo

161 3375 188 3410 ιι
233 3350 378 3410 vitae
429 3343 766 3422 corporalis
820 3340 1094 3420 periculo
1115 3383 1134 3408 ,
1183 3353 1424 3402 aeternae
1477 3342 1799 3406 consulere

163 3451 190 3479 ιι
227 3435 568 3502 cogantur-3
597 3421 806 3482 iisdem
833 3420 1229 3490 missionariis
1258 3420 1643 3498 praecipimus
1662 3466 1683 3496 ‚
1714 3441 1797 3484 ne
