2434 3992
801 165 1253 235 BULLAmtm.
1549 198 1553 207 ·
1684 170 1809 238 455
1848 176 1863 189 ‘

185 274 260 335 ad
307 294 380 335 ea
421 276 663 341 vocati,
713 286 774 333 et
807 276 1042 349 auditi,
1083 296 1284 353 neque
1332 296 1525 337 causae
1560 289 1814 355 propter
1870 290 1912 341 Α
1937 306 2022 340 nu
2046 308 2078 341 o

183 370 331 429 quas
377 352 601 411 eaedem
627 364 962 427 'praesentes
999 356 1458 427 emanaverint,
1500 354 1812 425 adductae,
1910 356 2053 425 ¹744·

186 430 544 499 verificam,
585 427 682 487 vel
707 426 1103 503 sufficienter,
1136 441 1245 489 aut
1270 429 1399 490 ullo
1428 432 1611 491 modo
1638 436 1812 509 iusti·

185 506 376 565 ficatae
403 506 636 565 fuerint
655 550 670 577 ,
689 516 798 565 aut
829 526 898 563 ex
931 504 1048 564 alia
1071 506 1379 582 qualibet,
1405 511 1588 567 etiam
1705 530 1813 569 an-

186 584 412 643 tumvis
455 582 714 659 iuridica
735 626 752 652 ,
805 592 866 640 et
911 582 1293 658 privilegiata
1320 602 1530 657 causa,
1568 604 1639 643 co
1668 606 1775 645 ore
1796 630 1812 657 ‚

185 670 500 735 praetextu,
525 670 588 718 et
601 660 831 734 capite,
857 663 1038 717 etiam
1067 662 1127 717 in
1151 662 1570 736 corporejuris
1585 660 1811 734 clausO‚

185 734 360 797 nullo
385 756 661 812 unquam
687 746 964 806 tempore
993 735 1069 793 de
1101 736 1551 811 subreptioniS,
1588 737 1683 796 vel
1708 740 1813 796 ob·

183 815 519 889 reptioni5‚
563 822 672 871 aut
721 811 1028 871 nullitatis
1079 813 1264 885 vitiu,
1312 832 1417 871 seu
1463 815 1819 875 intentionis

187 901 411 949 uostrae
443 932 460 958 ‚
514 898 623 946 aut
675 890 968 947 interesse
1031 888 1399 948 habentium
1448 909 1817 963 consensuS,

183 965 384 1027 aliove
402 964 679 1041 quolibet
693 1012 708 1037 ,
723 968 905 1023 etiam
924 967 1341 1041 quamtumvis
1359 986 1577 1041 magno
1591 1011 1606 1038 ,
1622 986 1691 1025 ac
1710 968 1824 1027 for-

187 1043 346 1102 mali·
371 1052 436 1101 et
471 1040 858 1101 substantiaii
883 1041 1125 1101 defectu
1163 1044 1407 1115 notari,
1440 1045 1818 1118 impugnari,

187 1120 468 1197 infringi,
488 1116 816 1179 invalidari
830 1161 848 1191 ,
867 1122 1192 1178 retractari
1213 1163 1227 1190 ,
1250 1117 1824 1180 in'controversinm

183 1197 398 1255 vocari
423 1241 440 1268 ,
481 1205 592 1253 aut
625 1194 711 1253 ud
753 1195 1051 1253 terminos
1095 1196 1247 1272 juris
1284 1194 1535 1268 reduci,
1574 1216 1681 1255 seu
1718 1196 1821 1255 ad·

187 1292 398 1331 ¹versus
436 1270 570 1331 illas
605 1272 964 1347 aperitionis
995 1272 1152 1343 oris,
1190 1272 1597 1331 restitutionis
1638 1274 1703 1332 in
1733 1274 1825 1332 in-

187 1359 426 1425 tegrum
451 1394 467 1421 ,
507 1346 752 1409 aliudve
787 1347 1225 1426 quodcumque
1257 1350 1409 1424 iuris
1430 1394 1446 1419 ‚
1496 1349 1689 1421 facti,
1726 1348 1829 1433 vel

182 1428 392 1500 gratiae
431 1426 769 1483 remedium
807 1427 1104 1485 intentari
1134 1468 1150 1498 ,
1190 1425 1291 1486 vel
1331 1426 1685 1500 impetrari,
1716 1434 1827 1486 aut

187 1504 376 1561 etiam
435 1511 611 1559 motu
649 1502 822 1576 pari,
859 1510 922 1559 et
961 1502 1039 1561 de
1083 1501 1449 1579 Apostolicae
1507 1506 1825 1579 potestatis

183 1577 580 1654 plenitudine
602 1574 1116 1649 similieoneessO,
1141 1578 1580 1649 Veientanam,
1614 1600 1822 1657 quem·

182 1656 356 1729 piam
389 1656 455 1709 in
493 1650 753 1727 iudicio,
787 1649 888 1711 vel
925 1662 1094 1709 extra
1125 1652 1281 1711 illud
1328 1658 1454 1723 uti,
1496 1674 1602 1713 seu
1640 1676 1701 1713 se
1730 1663 1823 1732 ju-

181 1749 340 1791 vare
376 1725 506 1785 ullo
537 1726 716 1784 modo
740 1745 949 1799 posse,
987 1725 1092 1785 sed
1127 1746 1287 1801 ipsas
1324 1739 1649 1803 praesentes
1673 1750 1823 1789 sern-

182 1824 306 1883 per
361 1801 568 1862 firmas
602 1844 616 1871 ,
679 1801 946 1881 validas,
987 1813 1049 1861 et
1103 1800 1371 1862 efficaces
1418 1806 1673 1862 existere
1702 1850 1717 1877 ‚
1763 1816 1831 1865 et

184 1884 361 1954 tore,
389 1898 651 1955 suosque
675 1876 982 1954 plenarios
998 1924 1014 1953 ,
1047 1890 1110 1938 et
1135 1881 1407 1955 integros
1428 1878 1676 1938 effectus
1702 1898 1827 1939 sor-

183 1958 334 2029 tiri,
357 1968 428 2015 et·
451 1955 874 2029 obtinere,.ac
911 1955 992 2013 ab
1029 1954 1146 2014 inis
1179 1956 1259 2014 ad
1289 1972 1441 2033 quos
1468 1964 1737 2033 spectat,
1770 1966 1831 2016 et

227 2054 306 2093 ro
330 2045 610 2111 tempore
645 2031 1160 2107 quandocumque
1194 2033 1528 2111 spectabit,
1571 2034 1826 2095 inviola-

183 2055 434 2182 fluiter,
471 2119 533 2169 et
577 2112 932 2167 inconcusse
969 2109 1307 2170 observari.

265 2186 326 2267 §0
367 2204 466 2246 21.
506 2188 852 2262 Sicque‚·et
885 2202 1009 2243 non
1033 2184 1212 2245 aliter
1240 2187 1305 2244 in
1330 2188 1656 2261 praemissis
1686 2206 1825 2247 een·
1923 2212 2094 2263 Am„

184 2268 346 2336 seri,
391 2273 578 2340 atque
615 2266 698 2322 ita
747 2282 860 2337 per
903 2278 1323 2337 quoscumque
1362 2262 1602 2323 Jndiees
1644 2266 1825 2323 Ordi-
1853 2280 2072 2344 judicari

190 2344 398 2401 uarios
430 2386 445 2413 ,
500 2352 564 2401 et
600 2337 952 2415 Delegatos,
997 2339 1182 2397 etiam
1236 2342 1576 2396 Causarum
1612 2340 1829 2400 Palatii
1855 2345 2089 2414 prohibe.

192 2414 450 2496 A·postol
460 2418 534 2475 ici
553 2416 884 2477 Auditores
903 2460 918 2487 ,
935 2424 998 2474 et
1009 2417 1226 2473 S.R.E.
1246 2410 1603 2473 Cardinales
1620 2420 1829 2487 ,etiam
1854 2422 1960 2465 tur-2

187 2495 268 2554 de
303 2499 522 2553 Latere
539 2500 825 2569 LegatoS,
859 2502 922 2550 et
953 2489 1319 2568 Apostolicae
1340 2489 1507 2548 Sedis
1528 2491 1829 2565 praedictae

191 2572 464 2632 Nuncios
491 2608 517 2645 ,·
555 2569 782 2631 aliosve
836 2565 1145 2645 quoslibet
1201 2586 1463 2643 quacum
1514 2586 1591 2625 ue
1642 2584 1827 2643 praee-

189 2649 532 2719 minentis,
559 2667 628 2706 ac
652 2656 956 2722 potestate
991 2646 1102 2704 fun
1145 2654 1347 2709 entes,
1375 2653 1437 2701 et
1501 2652 1829 2718 unt-turos,

189 2722 436 2784 sublata
464 2726 547 2782 eis
574 2768 590 2794 ,
631 2733 695 2781 et
726 2742 940 2782 eorum
970 2666 1226 2783 cuilibet
1262 2718 1443 2779 aliter
1477 2720 1789 2796 judicandi
1814 2766 1830 2783 ..
1896 2756 1901 2761 ·

189 2813 252 2862 et
297 2799 758 2876 interpretandi
795 2796 1122 2872 facultate,
1160 2796 1423 2875 iudicari
1455 2806 1547 2859 ,et
1586 2796 1832 2857 definiri

189 2872 456 2950 debere,
501 2897 570 2936 ac
616 2878 864 2937 irritum
927 2886 990 2935 et
1049 2878 1275 2949 inane,
1330 2871 1379 2932 si
1432 2892 1602 2933 secus
1648 2892 1834 2950 super

190 2952 284 3014 his
322 2974 363 3013 a
406 2972 721 3030 quoquam
762 2954 976 3031 quavis
1009 2954 1382 3011 auctoritate
1408 2952 1705 3027 scienter,
1732 2948 1833 3011 vel

189 3033 552 3109 ignoranter
593 3031 923 3105 contigerit
961 3030 1279 3089 attentari.
1882 3101 1889 3111 ἢ
1946 3090 1953 3099 ‚

267 3106 325 3185 S.
374 3126 472 3166 22.
517 3111 653 3167 Non
687 3103 1088 3165 ’obstantibus
1114 3152 1130 3180 ,
1174 3115 1475 3182 quatenus
1518 3123 1670 3183 opus
1718 3103 1833 3179 sit,
1890 3122 2134 3177 coum,

191 3188 454 3258 Nostra,
507 3194 570 3243 et
625 3182 1022 3244 Cancellariae
1075 3181 1437 3258 Apostolicae
1477 3180 1708 3258 Regula
1757 3180 1833 3237 de
1858 3192 1949 3245 riis
1996 3193 2100 3259 ple.

180 3264 318 3336 jure
345 3262 596 3340 quoesito
636 3280 756 3317 non
793 3258 1080 3333 tollendo,
1119 3256 1375 3334 aliisque
1421 3258 1790 3335 Apostolicis
1816 3304 1833 3332 ,
1858 3258 2072 3311 uiuime
2110 3288 2117 3298 ·

197 3358 268 3397 ae
311 3340 378 3397 in
420 3335 885 3399 Universalibus
911 3378 924 3404 ‚
978 3334 1499 3408 Provincialibus,
1544 3346 1607 3394 et
1644 3339 1831 3413 Synoss
1856 3327 2133 3404 ἁθῐθὲἃωῑ,

195 3413 443 3478 delibus
497 3413 788 3477 conciliis
833 3412 1014 3475 editis
1065 3411 1453 3490 generalibus
1475 3460 1491 3486 ,
1555 3411 1653 3474 vel
1702 3434 1830 3491 spe·
2112 3438 2121 3447 ·
