2434 3992
814 111 1265 180 summum.
1762 115 1845 203 59

211 221 488 299 qualibet
508 219 719 283 Mundi
745 233 922 298 parte
944 222 1291 283 devotionis
1316 225 1511 300 gratia
1536 200 1847 288 confluen·
1908 241 1953 290 Δ
1976 253 2006 288 ι
2032 255 2062 290 ιι
2088 253 2120 290 ο

209 300 379 360 tibus
406 347 422 374 ,
464 300 544 360 ab
579 302 746 359 omni
770 345 787 375 ,
823 310 888 359 et
919 321 1307 377 quacumque
1342 301 1658 362 Ordinarii
1698 321 1849 378 prae·
1950 305 2097 375 ¹743·

211 378 358 438 dicti
381 378 805 457 jurisdictione
831 379 1058 436 iterum
1075 376 1423 454 plenissime
1442 425 1458 452 ,
1484 381 1854 456 penitusque

213 458 432 515 exemit
461 477 480 532 3
533 461 608 514 Et
633 455 928 532 praedicto
965 457 1364 526 ProtectoriS,
1390 457 1558 534 quod
1585 477 1696 534 per
1722 457 1851 516 obi·

211 544 348 592 tum
379 533 530 592 bon.
579 555 764 592 mem.
809 531 1030 592 Palutii
1057 573 1074 602 ,
1130 533 1281 592 dum
1324 534 1519 598 vixit,
1576 535 1856 612 Episcopi

164 659 174 663 -
213 616 501 671 Portuen.
538 614 601 670 S.
632 615 707 670 R.
748 614 817 668 E.
847 608 1192 670 Cardinalis
1228 611 1305 669 de
1332 609 1582 672 Alteriis
1627 633 1857 674 nuncu·

161 701 166 707 '
205 689 338 766 pati
361 729 376 754 ,
407 697 561 748 tunc
603 685 904 760 vacabat,
943 685 1158 749 Officio
1187 733 1204 762 ,
1240 689 1548 764 Dignitate
1572 733 1591 764 ,
1624 688 1811 749 titulo
1838 737 1855 766 ,

215 776 276 824 et
330 764 832 824 denominatione
879 775 1184 840 perpetuo
1224 767 1591 841 suppressiS,
1648 777 1711 826 et
1752 788 1856 827 ex·-

214 843 457 914 tinctis,
520 841 637 902 sub
689 842 854 902 Beati
905 843 1068 900 Petri
1096 887 1114 915 ,
1162 852 1227 900 et
1264 843 1429 902 Sedis
1490 842 1853 918 Apostolicae

212 919 506 998 speciali,
545 930 608 980 et
637 919 988 978 immediata
1021 922 1411 994 protectione
1450 923 1741 996 suscepit.

285 995 343 1076 §-
385 997 447 1057 3.
475 1000 741 1057 Omnem
765 1017 914 1058 vero
940 1041 956 1070 ,
991 1005 1052 1054 et
1081 1016 1535 1075 quamcumque
1574 997 1851 1074 jurisdic-
1930 997 1999 1048 Et
2018 995 2155 1048 Con·

212 1075 441 1135 tionem
480 1086 608 1134 tam
656 1073 1170 1145 Ecclesiasticam,
1226 1084 1289 1132 et
1324 1073 1713 1150 spiritualem
1734 1119 1752 1148 ,
1782 1096 1854 1135 ac
1874 1064 2155 1132 erogationi

213 1154 386 1231 quasi
423 1150 838 1230 Episcopalem
864 1197 881 1224 ,
908 1170 1041 1226 quae
1059 1153 1120 1210 in
1149 1150 1409 1210 eandem
1433 1155 1714 1212 Sanctam
1738 1158 1851 1211 Do·
1875 1129 2120 1210 L³⁰T⁶²²P

211 1251 384 1290 mum
415 1276 433 1303 ,
482 1235 734 1308 ejusque
781 1231 1191 1288 Territorium
1216 1273 1233 1302 ,
1270 1226 1623 1306 officiales,s
1646 1239 1710 1290 et
1745 1232 1853 1289 Mi·
1878 1215 2155 1318 gnidum-

201 1309 470 1381 ‘nistroS,
518 1308 876 1382 Peregrinos
904 1351 922 1380 ‚
954 1327 1024 1365 ac
1075 1312 1241 1368 Bona
1285 1306 1626 1383 praedicta,
1666 1327 1855 1384 quam
1912 1284 2063 1384 ᾆξ’

211 1383 557 1445 Secularem
581 1431 598 1458 ,
626 1388 756 1444 sive
795 1381 1098 1443 Laicalem
1128 1430 1144 1455 ,
1181 1385 1247 1442 in
1290 1385 1807 1445 communitatem
1834 1431 1852 1458 ,
1875 1367 2157 1471 quamP’ro·

211 1465 541 1534 Homines,
589 1473 651 1522 et
711 1463 1044 1522 Civitatem
1093 1463 1499 1522 Lau'retanam
1529 1505 1547 1534 ,
1602 1469 1853 1541 ejusque
1880 1478 2098 1522 tectores

213 1541 596 1600 Comitatum
625 1585 642 1612 ,
685 1549 872 1616 atque
909 1539 1267 1598 Districtum
1299 1585 1316 1611 ,
1358 1543 1694 1600 Protectori
1736 1562 1853 1616 pro
1909 1555 2113 1590 exerce-

214 1627 492 1695 tempore
544 1617 814 1694 eiusdem
851 1620 1086 1676 Sanctae
1120 1621 1347 1676 Domus
1391 1617 1855 1691 quomodolibet
1878 1609 2031 1672 ΜΝ,
2069 1603 2155 1685 ⁴¹5·

213 1697 644 1773 competierat,
687 1692 1192 1770 quandoquidem
1211 1695 1269 1751 ei
1301 1696 1563 1752 Romani
1606 1697 1851 1756 Pontifl·
1874 1675 2157 1752 mandavit,

213 1793 310 1834 ces
337 1817 354 1846 ,
388 1793 500 1850 per
536 1793 600 1831 se
644 1773 804 1847 ipsos
829 1813 846 1840 ,
890 1768 1255 1847 Apostolicae
1306 1771 1630 1830 Servitutis
1668 1793 1855 1834 onere
1876 1739 2157 1860 {ffissgtefa‘

210 1851 616 1928 praegravati,
647 1868 868 1910 vacare
897 1847 1245 1925 nequibant
1264 1893 1279 1922 ‚
1313 1848 1709 1908 exercendam
1743 1851 1854 1910 im·
1909 1854 2120 1927 'statuta
2140 1844 2158 1876 ’

209 1939 532 2005 posterum
556 1928 809 1999 statuit,
833 1935 895 1984 et
927 1925 1247 1985 mandavit
1278 1944 1388 2001 per
1422 1929 1853 2002 Congregatio·
1879 1949 1977 2002 εις,
2036 1958 2158 1994 eon·

211 2026 354 2066 nem
393 2003 839 2066 nonnullorum
865 2007 926 2062 S.
953 2007 1031 2062 R.
1052 2007 1124 2063 E.
1155 2002 1581 2071 cardinalium
1600 2049 1619 2078 ,
1648 2015 1711 2065 et
1736 2009 1855 2064 Ro·
1880 2009 2037 2061 dendi
2056 2017 2155 2060 etc.

211 2102 412 2144 manae
449 2083 652 2144 Curioe
703 2079 1097 2140 Praelatorum
1117 2126 1134 2154 ,
1175 2081 1587 2138 Lauretanam
1620 2103 1857 2144 nuncu·
1880 2078 2150 2131 concessit.

211 2159 533 2237 pandam.,
569 2178 756 2236 quam
792 2157 871 2232 ad
909 2156 1075 2218 hunc
1111 2157 1415 2217 effectum·
1441 2160 1743 2232 erexit,et
1765 2160 1855 2219 in·

213 2239 416 2298 stituit
439 2279 454 2300 ‚
485 2256 556 2296 ac
581 2233 929 2313 specialiter
955 2235 1302 2313 deputavit.
1330 2234 1665 2314 Eidemque
1694 2243 1855 2298 Con·

216 2315 561 2392 gregationi
582 2359 600 2387 ,
631 2311 908 2373 ut'semel
937 2355 953 2382 ,
989 2325 1051 2374 et
1066 2311 1297 2390 pluries
1322 2359 1339 2388 ,
1368 2313 1441 2372 'ac
1480 2316 1718 2390 quoties
1740 2317 1858 2375 sibi
1891 2310 1902 2324 '

215 2393 537 2452 videretur
558 2437 575 2465 ,
617 2402 682 2450 et
714 2388 1023 2466 placeret,
1055 2409 1453 2468 quincumque
1486 2395 1725 2451 Statnta
1744 2435 1759 2461 ‚
1796 2405 1861 2456 et

217 2470 658 2546 Ordinationes
687 2487 803 2545 pro
839 2467 998 2528 felici
1020 2467 1323 2540 praedictae
1342 2472 1575 2526 Sanctae
1594 2473 1825 2529 Domus
1843 2515 1861 2543 ,

213 2553 472 2626 eiusque
515 2552 823 2608 Bonorum
845 2591 860 2618 ,
900 2565 972 2604 ac
1003 2550 1407 2606 Personarum
1428 2544 1626 2604 eidem
1668 2547 1859 2606 inser·

215 2627 525 2688 vientium
571 2624 910 2700 regimine,
954 2624 1148 2683 Sacris
1200 2633 1411 2680 tamen
1452 2621 1811 2682 Canonibus
1842 2665 1859 2694 ‚
1968 2645 1973 2650 ·

215 2713 280 2764 et
316 2701 581 2764 Concilii
595 2701 944 2762 Tridentini
979 2700 1251 2762 Decretis
1268 2719 1395 2760 non
1430 2699 1821 2762 adversantia
1844 2747 1861 2772 ,

216 2791 284 2841 et
311 2780 394 2840 ab
433 2779 720 2840 omnibus
741 2825 758 2851 ,
795 2779 874 2838 ad
928 2784 1104 2856 quos'
1127 2778 1471 2856 pertineret
1492 2775 1862 2851 ,inviolabi-

217 2856 364 2918 liter
401 2855 795 2918 observanda„
815 2898 830 2923 ‚
855 2857 1122 2926 condere
1139 2903 1156 2932 ‚
1173 2854 1355 2916 edere
1374 2898 1389 2926 ‚
1410 2866 1472 2915 et
1494 2854 1819 2933 publicare
1844 2901 1863 2930 ,

217 2933 448 3016 illaque
463 2946 708 2996 mutare
725 2979 742 3009 ,
759 2931 1052 3016 alterare,
1077 2935 1383 3010 corrigere
1398 2979 1416 3008 ,
1441 2945 1507 2994 et
1535 2933 1863 2994 emendare

213 3011 386 3076 licite
531 3025 627 3074 set
653 3059 671 3087 ,
709 3010 1082 3084 etvaleret,
1107 3013 1437 3086 concessit,
1476 3023 1541 3072 et
1582 3010 1858 3072 indulsit.

293 3089 348 3170 S.
433 3133 450 3152 .
483 3097 747 3168 Insuper
773 3088 988 3158 ,voluit
1011 3135 1026 3162 ,
1073 3100 1136 3148 et
1189 3089 1509 3150 mandavit
1539 3131 1553 3152 ‚
1588 3100 1659 3150 ut
1696 3093 1859 3151 Con·
1992 3131 1995 3134 ·

215 3171 491 3246 gregatio
518 3169 815 3248 praedicta
855 3169 919 3242 in
951 3165 1379 3243 spiritualibus
1416 3167 1662 3245 quidem
1686 3208 1699 3234 ‚
1728 3187 1863 3244 quae
1884 3138 2165 3258 ῗέἳξίῗὶῗζζ

213 3245 466 3308 scilicet·
497 3247 578 3307 nd
627 3245 903 3308 Ecclesiae·
947 3243 1212 3318 cultum,
1260 3244 1452 3304 Chori
1488 3243 1809 3307 servitium
1846 3291 1863 3320 ,
1891 3275 1957 3324 tis
2026 3274 2159 3338 regi-

211 3326 592 3386 nivium-um
622 3322 1098 3383 celebrationem
1127 3367 1144 3395 ‚
1191 3323 1559 3402 Animarum
1596 3329 1825 3384 Curam
1849 3369 1866 3396 ,
1890 3357 2165 3407 memque-

213 3405 766 3498 Sacrementorum
792 3401 1387 3493 administrationem
1408 3417 1699 3482 ,morum
1732 3422 1868 3464 cor·
1889 3409 1954 3463 ad
1996 3408 2161 3476 Spiri-
