2434 3992
636 119 719 226 {30
1179 160 1567 242 Bemmari-1
1584 129 1783 225 XIV.

340 283 384 340 P
402 298 440 340 0
463 297 502 340 ιι
523 298 578 338 τ,
636 268 988 346 Magistrum
1006 312 1024 342 ‚
1063 277 1126 328 et
1146 272 1392 330 Fratres
1428 267 1647 328 Milites
1672 265 1903 328 militiae
1934 271 1995 328 S.
2016 271 2271 331 ,ioannis

373 351 443 406 A.
467 351 577 405 ΙΙΙ.
634 345 1168 420 Hierosolymitani
1220 367 1291 406 ex
1353 345 1542 405 altera
1597 345 1877 422 partibus
1908 385 1927 418 ,
1972 367 2269 408 annosam

634 419 840 497 litem,
896 435 957 483 et
989 430 1112 502 jam
1151 434 1561 482 senescentem
1610 425 2015 482 intercessisse
2035 469 2053 498 ,
2086 445 2273 501 super

633 503 918 560 exercitio
945 499 1372 562 ‘unisdictionis
1402 501 1741 561 Ordinariae
1766 502 1831 558 in
1868 501 2111 578 Oppido
2136 505 2268 560 Pu·

544 579 550 586 '
635 579 887 650 εἰηίαηιῖς
928 521 1220 653 litemque
1254 581 1479 654 ipsam,
1527 579 1771 637 tametsi
1821 599 1857 636 a
1892 575 2041 636 bon.
2078 599 2264 637 mem.

637 660 872 716 Caesare
910 653 1299 714 Lambertino
1335 656 1627 732 Episcopo
1678 651 1972 715 Insulano
2002 699 2019 730 ,
2058 656 2267 730 vigore

635 735 1072 792 commissionis
1121 735 1366 808 signatae
1424 752 1610 789 manu
1656 729 1758 790 fel.
1812 751 2009 789 recor.
2054 735 2267 792 Leonis

631 813 804 884 Papae
843 809 917 868 X.
955 809 1409 868 Praedecessoris
1427 851 1441 878 ,
1472 826 1581 884 per
1606 807 1983 866 definitivam
2016 818 2264 868 senten-

630 887 800 944 tiam‘
831 884 978 944 olim
1021 885 1421 962 diremptam,
1476 883 1879 944 nihilominus
1938 883 2145 944 denuo
2200 887 2264 945 in

631 966 793 1024 Foro
831 964 1237 1025 instauratam
1272 963 1487 1035 fuisse,
1508 973 1577 1021 et.
1600 963 1665 1020 in
1698 967 2035 1022 Causarum
2052 961 2265 1025 Palatii

627 1041 826 1108 nostri
849 1039 1183 1117 Apostolici
1211 1040 1537 1100 Auditorio
1556 1083 1573 1112 ‚
1597 1058 1822 1114 magno
1848 1039 2119 1114 ipsorum
2140 1037 2262 1099 liti·

627 1120 905 1194 gantium
952 1117 1373 1189 incommodo,
1426 1137 1497 1185 ac
1533 1115 1884 1190 dispendio,
1931 1110 2266 1176 diutissime

626 1195 985 1270 exagitatam
1005 1238 1022 1268 ,
1047 1204 1107 1252 et
1135 1214 1244 1270 per
1274 1194 1469 1254 varias
1496 1191 1776 1268 ambages
1810 1191 1887 1250 ad
1918 1191 2079 1250 hauc
2102 1193 2265 1252 diem

625 1267 999 1353 protractam
1019 1267 1138 1346 ,et
1173 1269 1373 1340 adhuc
1420 1271 1481 1328 in
1512 1269 1723 1340 eodem
1764 1269 2089 1330 Audit‘orio
2113 1290 2259 1346 pen·

409 1398 416 1410 ,
626 1347 905 1421 dentem,
945 1348 1182 1425 majori·
1209 1349 1526 1421 utriusque
1554 1349 1745 1422 partis
1785 1345 2161 1410 detrimento
2199 1351 2262 1410 in

327 1431 454 1498 Eam
474 1429 605 1482 Pon.
626 1421 789 1483 diem
828 1426 1014 1499 magis
1041 1425 1346 1500 magisque
1376 1423 1651 1500 protrahi
1680 1442 1889 1499 posse:
1927 1423 2163 1483 Idcirco
2194 1437 2263 1484 ut

326 1497 458 1548 tifex
476 1499 538 1549 ad
553 1516 606 1550 *Β
625 1499 879 1560 celerius
907 1512 969 1559 et
1003 1501 1337 1576 expeditius
1365 1547 1381 1574 ,
1438 1522 1559 1577 quo
1605 1501 1738 1559 fieri
1782 1503 1983 1576 posset
2008 1546 2024 1573 ,
2063 1500 2263 1562 eidem

326 1573 510 1616 ’παῖ
534 1599 552 1631 2
625 1578 876 1638 tandem
907 1577 1044 1636 finis
1080 1579 1527 1653 imponeretur,
1554 1590 1792 1637 servata
1818 1589 2023 1636 tamen
2045 1620 2061 1646 ,
2086 1599 2259 1638 sanc-

325 1649 448 1749 ffi'ss
465 1649 604 1752 {⁰2⁶
626 1666 808 1732 teque
823 1665 931 1738 ,lut
949 1667 1066 1730 par
1087 1665 1196 1728 est,
1224 1656 1523 1734 custodita
1546 1657 1995 1715 canonicarum
2018 1653 2221 1730 legum
2238 1703 2257 1730 ‚

326 1767 376 1815 S·
431 1719 546 1818 pas-¹
588 1739 603 1752 ⁰
627 1743 689 1793 et
717 1735 1100 1792 sanctionum
1123 1745 1375 1791 censura
1397 1754 1414 1809 3
1439 1736 1557 1791 Nos
1585 1731 2093 1790 Praedecessorum
2122 1754 2254 1794 nos·

323 1834 604 1888 Praedeces-
627 1821 864 1870 trorum
885 1815 1301 1884 Romanorum
1329 1809 1686 1868 Pontificum
1708 1854 1723 1881 ,
1748 1810 2050 1888 praecipue
2069 1816 2257 1869 Inno-

323 1907 600 1956 sorumex.
624 1889 809 1947 centii
856 1885 962 1945 PP.
1000 1889 1112 1943 ΙΙΙ.
1156 1905 1425 1952 morem,
1464 1895 1526 1942 et
1572 1883 1842 1960 exempla
1878 1887 2113 1960 secuti,
2152 1889 2260 1964 qui

323 1971 517 2036 emplo,
537 1972 602 2024 de
622 1962 1012 2024 restituenda:
1032 1963 1229 2036 pacis,
1265 1971 1326 2019 et
1360 1962 1695 2021 concordiae
1729 1961 1980 2036 soliciti,
2008 1961 2087 2021 ad
2116 1983 2256 2040 par-

327 2036 598 2091 cidendam
621 2040 882 2101 cendum
913 2038 1285 2114 litigantium
1323 2039 1631 2114 expensiS,
1676 2049 1738 2098 et
1782 2041 2073 2116 temporis
2119 2041 2256 2101 diu-

534 2162 538 2170 .
619 2117 911 2177 turnitati
935 2113 1375 2176 consulendum
1398 2161 1413 2188 ,
1450 2136 1574 2175 non
1614 2114 2025 2176 detrectantes
2052 2136 2215 2180 onus
2242 2166 2259 2194 ‚

595 2226 598 2228 v
617 2205 682 2262 et
695 2193 970 2271 lahorem
991 2193 1355 2271 cognitionis
1376 2194 1647 2273 ipsarum
1664 2197 2226 2273 controversiarum
2240 2242 2259 2271 ‚

615 2269 980 2350 Apostolicae
1021 2270 1403 2332 auctoritatis
1429 2316 1447 2346 ,
1484 2267 1545 2330 et
1583 2269 2001 2348 'provid'entiae
2034 2267 2260 2348 partes

617 2371 747 2410 non
778 2346 964 2408 semel
989 2366 1099 2424 per
1135 2369 1200 2408 se
1236 2349 1345 2426 ipsi
1370 2348 1826 2426 interposuere3
1862 2369 2105 2410 causam
2136 2349 2253 2412 hu·

614 2426 881 2506 jusmodi
912 2425 1040 2487 fere
1077 2421 1595 2488 interminabilem
1618 2471 1638 2500 ,
1662 2435 1725 2486 et
1749 2413 2103 2504 perpetua'm
2125 2473 2145 2500 ‚
2172 2425 2256 2488 ad

617 2508 739 2566 Nos
779 2502 1168 2568 avocavimus
1191 2549 1208 2578 ,
1236 2523 1491 2580 eamque
1510 2549 1528 2578 ,
1558 2501 1800 2563 adscitis
1826 2507 1891 2564 in
1923 2501 2255 2566 consilium

572 2610 576 2619 ·
616 2579 853 2642 dilectis
900 2579 1066 2640 Filiis
1112 2587 1453 2642 Causarum
1496 2579 1710 2640 Palatii
1760 2583 1953 2641 nostri
1986 2581 2250 2642 Audito·

585 2659 904 2735 ‘ribu8‚et
933 2655 1397 2736 allegationibus
1424 2657 1601 2735 juriS,
1616 2669 1677 2718 et
1695 2659 1837 2736 facti
1866 2657 2254 2720 diversorum

573 2737 1152 2814 jurisperitorum,
1202 2736 1310 2812 qui
1360 2733 1609 2810 utrique
1650 2738 1813 2815 parti
1844 2736 2143 2810 aderant,
2189 2747 2254 2797 et

609 2817 750 2890 jura
778 2824 1026 2873 strenue
1059 2811 1429 2882 tuebantur,
1458 2823 1591 2872 tum
1620 2835 1770 2876 voce
1798 2859 1815 2884 ,
1849 2823 1983 2883 tum
2016 2813 2250 2890 scripto

609 2909 820 2950 coram
849 2890 1036 2950 Nobis
1060 2887 1333 2948 deductis
1350 2935 1367 2962 ,
1398 2899 1466 2949 et
1482 2891 1697 2967 saepius
1716 2913 1751 2950 a
1776 2889 1959 2951 Nobis
1990 2891 2247 2967 auditis,

607 2963 781 3027 lectis
799 3011 816 3041 ,
843 2978 904 3026 et
929 2965 1249 3043 diligenter
1267 2967 1682 3041 consideratis,
1709 2988 1993 3046 supremo
2016 2968 2249 3046 judicio

607 3055 819 3104 nostro
847 3042 1283 3120 decidendam,
1312 3055 1374 3104 et
1414 3043 1625 3106 debito
1650 3045 1776 3106 fine
1812 3045 2093 3110 duximus
2120 3057 2244 3106 ter·
2290 3101 2301 3120 ,

601 3113 987 3194 minandum.
1226 3119 1233 3126 ⁹
1362 3153 1376 3161 -ι

369 3237 588 3291 Pramo
681 3195 739 3289 s.
777 3214 839 3259 2.
880 3203 1034 3260 Sane
1069 3197 1653 3262 lice.t.vetustissima
1688 3199 1869 3279 huius
1889 3205 2248 3261 contestatae

309 3305 548 3358 Inferiori
599 3273 730 3334 lius
778 3277 1148 3352 primordia,
1194 3278 1245 3336 si
1292 3275 1472 3337 altius.
1508 3277 1587 3336 ab
1638 3279 1873 3354 origine
1920 3298 2029 3337 sua
2071 3298 2244 3356 repe·

309 3373 527 3441 acquiri.
607 3361 822 3415 tantur
853 3396 870 3424 ,
919 3367 1047 3432 ”prce
1093 3354 1769 3420 vetustate,admodum
1826 3355 2089 3415 obseura
2123 3401 2141 3430 ,
2182 3365 2250 3416 et

310 3446 398 3492 tm·
431 3440 588 3510 juria.
605 3427 887 3496 involuta
911 3433 1072 3510 sint3
1106 3431 1267 3496 illud
1296 3435 1775 3498 tamen-certum
1791 3479 1811 3512 ,
1836 3433 2211 3512 firmumque
2226 3479 2247 3511 ,
