2434 3992
682 116 686 123 ⁸
795 134 1247 208 BULLAan.
1722 142 1844 213 203

222 250 440 309 mentio
462 293 477 319 ‚
518 266 622 307 seu
645 250 874 327 qumvis
891 248 1008 311 alia
1027 252 1329 329 expressio
1353 248 1515 312 adid
1542 253 1846 315 servanda
1903 262 2055 321 Αιιιι
2072 282 2111 321 o

226 328 398 399 foret,
431 324 674 385 illorum
715 336 962 389 tenores
988 375 1004 403 ‚
1040 328 1268 389 formas
1291 376 1307 404 ‚
1343 348 1587 391 causas·
1636 340 1698 391 et
1744 350 1843 391 oc·
1944 330 2088 397 ¹744·

225 405 473 465 essiones
501 404 906 481 praesentibus
940 426 1054 485 pro
1093 404 1276 485 plene
1298 452 1313 481 ‚
1358 417 1424 468 et
1468 405 1845 469 sufficienter

224 482 492 559 expressis
511 527 526 553 ‚
573 491 636 541 et
652 484 1022 543 exactissime
1040 486 1300 546 servatis
1321 529 1336 558 ‚
1366 496 1426 545 et
1450 486 1841 563 specificans,

225 560 536 635 respective
571 558 872 621 habentes
900 607 915 631 ‚
967 560 1086 624 illis
1148 560 1300 624 alias
1340 565 1405 623 in
1446 582 1561 622 suo
1618 562 1841 624 robore

223 640 652 711 permansuris,
709 636 824 699 hac
871 640 1004 701 vice
1046 640 1367 701 dumtaxat
1394 686 1410 713 ‚
1467 642 1543 700 acl
1571 642 1837 716 praemis-

223 732 406 773 sorum
442 714 730 776 effectum
763 714 1144 795 plenissime,
1178 729 1241 777 et
1269 715 1641 796 amplissime
1670 730 1841 780 motu

223 792 337 867 pari
375 790 737 868 derogamus
766 838 777 862 ,
829 802 892 853 et
928 794 1294 871 derogatum
1328 796 1461 855 'esse
1516 792 1836 871 volumus,

217 870 552 948 caeterisque
593 870 920 932 contrariis
957 870 1470 951 quibuscumque.

283 978 333 1062 §-
371 999 429 1073 9.
472 980 774 1047 Volumus
803 978 1088 1062 insuper,
1133 996 1194 1045 et
1222 984 1435 1045 eadem
1468 985 1834 1046 auctoritate
1946 987 2133 1068 ‘Publi-
2188 1022 2195 1027 ·

223 1058 484 1135 praedicta
523 1060 921 1136 mandamUS,
962 1074 1033 1125 ut
1073 1062 1318 1123 eaedem·
1350 1072 1715 1141 praesentes,
1776 1076 1837 1125 et
1858 1060 2077 1107 0⁸¹¹⁰⁸²¹⁸
2146 1122 2153 1143 ,

220 1138 272 1196 in
305 1138 383 1198 eis
409 1146 700 1198 contenta
719 1158 1118 1219 quaecumque
1138 1140 1212 1201 ad
1242 1142 1520 1201 omnium
1552 1140 1834 1203 notitiam
1856 1118 2088 1176 ‘ffoe‘n

224 1214 430 1276 facilius
457 1214 882 1292 deducantur,
917 1238 1028 1279 nec
1066 1218 1391 1296 quisquam
1433 1216 1511 1277 de
1543 1218 1629 1279 eis
1664 1218 1831 1295 igno-

225 1294 460 1356 rantiam
507 1294 890 1371 praetendere
935 1295 1190 1365 valeat,
1259 1296 1278 1354 i
1324 1316 1418 1356 sas
1458 1305 1785 1373 praesentes
1816 1342 1831 1369 ‚

221 1392 306 1432 seu
354 1392 564 1431 earum
597 1382 1022 1451 transumpta,
1066 1370 1144 1433 ad
1185 1377 1279 1433 Va
1304 1394 1411 1435 vas
1452 1371 1729 1433 Ecclesiae
1770 1378 1829 1434 S.

221 1450 446 1510 ‚loannis
472 1450 537 1510 in
575 1452 909 1521 Laterano,
949 1460 1012 1511 et
1055 1448 1321 1511 Basilicae
1349 1451 1643 1529 Principis
1668 1458 1829 1529 Apo-

221 1526 494 1588 stolorum
521 1526 596 1587 de
623 1526 822 1603 Urbe,
848 1550 1086 1589 necnon
1108 1526 1507 1589 Cancellariae
1524 1528 1827 1606 Apostoli-

216 1626 286 1665 cae
302 1652 316 1681 ,
339 1615 398 1666 et
412 1607 474 1665 in
492 1606 642 1666 Acie
659 1608 878 1682 Campi
900 1606 1096 1665 Florae
1109 1626 1221 1681 per
1237 1604 1501 1683 aliquem
1518 1628 1587 1667 ex
1604 1612 1827 1668 Curso·

221 1684 366 1744 ribus
381 1684 616 1744 Nostris
628 1728 644 1755 ‚
661 1694 732 1743 ut
751 1684 938 1743 moris
951 1692 1061 1753 est,
1081 1680 1382 1760 publicari
1399 1727 1416 1756 ‚
1435 1694 1499 1743 et
1511 1682 1702 1759 affigi:
1719 1686 1834 1745 Sic·

219 1778 318 1836 que
350 1759 723 1839 publicatas,
769 1772 834 1821 et
881 1756 1117 1829 affixas,
1143 1778 1389 1830 omnes,
1437 1768 1500 1820 et
1524 1758 1793 1837 singulos
1814 1808 1830 1837 ,

219 1858 348 1914 quos
389 1849 808 1913 concernunt,
848 1856 954 1899 seu
990 1848 1367 1899 concernent
1403 1835 1468 1896 in
1513 1836 1832 1914 futurum,

219 1916 447 1993 perinde
489 1914 766 1987 afficere,
821 1926 884 1976 et
943 1927 1219 1987 arctare,
1275 1936 1347 1977 ac
1402 1914 1453 1975 si
1497 1915 1832 1993 unicuique

215 1992 442 2130 ¹illorum
513 1991 918 2072 personaliter
973 1994 1305 2069 intimatas,
1373 2003 1435 2053 et
1505 1992 1833 2056 notificata
1942 2052 1955 2063 ,

240 2072 470 2134 uissent.
1181 2082 1192 2095 ·

277 2168 328 2249 S.
365 2192 456 2231 ιο.
483 2174 692 2249 'thue
719 2168 1072 2230 earumdem
1095 2170 1493 2247 praesentium
1520 2178 1830 2233 transum-
1920 2176 2105 2231 Exem-

217 2250 318 2325 ptis
345 2254 466 2312 'seu
526 2244 844 2326 exemplis.
884 2249 1070 2308 etiam
1112 2247 1446 2323 impressis,
1486 2268 1673 2307 manu
1720 2244 2059 2325 ali-⁸1²¹0fflt!¹

217 2332 366 2405 cujus
408 2327 645 2388 Notarii
681 2324 914 2402 publici
943 2324 1303 2400 subscriptis
1322 2368 1338 2395 ,
1367 2343 1435 2382 ae
1470 2323 1666 2402 sigillo
1691 2330 1826 2387 Per·
1853 2322 2131 2368 ”mmm

220 2424 358 2465 sonae
399 2405 462 2465 in
497 2401 914 2465 Ecclesiastica
962 2402 1274 2475 Dignitate
1308 2401 1657 2463 constitutae
1697 2423 1828 2463 mu·
1899 2456 1905 2463 .

221 2482 374 2553 uitis,
413 2480 625 2542 eadem
710 2500 918 2541 rorsus
967 2478 1116 2539 fides
1155 2479 1219 2537 in
1257 2476 1519 2557 judicio,
1562 2489 1623 2538 et
1663 2490 1830 2540 extra

218 2556 350 2619 illud
391 2560 496 2620 ubi
549 2578 623 2619 ue
662 2500 938 2619 locorum
967 2553 1307 2633 habeatur,
1342 2574 1477 2646 quas.
1506 2556 1648 2645 ipsis
1679 2576 1829 2633 prae·

220 2636 469 2699 sentibus
572 2634 894 2708 aben-etur,
961 2636 1010 2695 si
1064 2634 1271 2696 forent
1336 2629 1619 2693 exhibitae
1652 2680 1669 2705 ‚
1736 2630 1833 2695 vel

219 2724 473 2777 ostensae.

286 2810 334 2893 S.
373 2832 460 2874 ιι.
493 2808 659 2874 Nulli
697 2831 841 2891 ergo
867 2810 1121 2872 omnino
1160 2808 1484 2871 hominum
1510 2804 1694 2869 liceat
1730 2827 1840 2885 pm.
1906 2824 2136 2887 sufflo:
2216 2834 2223 2841 ·

213 2888 403 3025 ginam
439 2890 603 2953 hanc
643 2894 1006 2952 Nostrarum
1049 2886 1570 2960 confirmationis,
1615 2904 1834 2963 appro-

259 2970 504 3045 ationis‚
563 2968 1015 3041 innovationis,
1071 2964 1411 3030 voluntatis
1448 3006 1463 3031 ‚
1521 2962 1834 3053 mandati,

219 3048 449 3117 statuti,
491 3044 760 3118 decreti,
801 3044 1232 3107 declarationis
1256 3091 1272 3118 ‚
1301 3038 1711 3121 ampliationis
1730 3086 1746 3116 ,
1776 3050 1838 3101 et

217 3126 566 3203 extensionis
615 3122 982 3197 infringere,
1033 3119 1135 3187 vel
1185 3123 1242 3181 ei
1300 3141 1451 3183 ausu
1510 3118 1836 3180 temerario

211 3204 528 3263 contraire.
590 3202 650 3263 Si
704 3203 837 3281 quis
894 3210 1100 3261 autem
1151 3198 1270 3260 hoc
1323 3206 1631 3287 attentare
1684 3216 1832 3275 prae·

219 3282 558 3357 sumpserit,
587 3278 1069 3357 indignationem
1111 3278 1569 3355 Omnipotentis
1602 3277 1743 3349 Dei,
1767 3294 1836 3335 ac

217 3354 531 3419 matorum
577 3358 769 3429 Petri,
820 3367 885 3419 et
921 3354 1088 3421 Pauli
1132 3352 1569 3437 Apostolorum
1604 3358 1735 3433 ejus
1774 3370 1835 3415 se

217 3436 449 3497 noverit
497 3438 914 3497 incursurum.
1324 3474 1333 3479 ·
