<?xml version="1.0" encoding="UTF-8"?>
<!DOCTYPE html PUBLIC "-//W3C//DTD XHTML 1.0 Transitional//EN"
    "http://www.w3.org/TR/xhtml1/DTD/xhtml1-transitional.dtd">
<html xmlns="http://www.w3.org/1999/xhtml" xml:lang="en" lang="en">
 <head>
  <title>
</title>
<meta http-equiv="Content-Type" content="text/html;charset=utf-8" />
  <meta name='ocr-system' content='tesseract 3.04.00' />
  <meta name='ocr-capabilities' content='ocr_page ocr_carea ocr_par ocr_line ocrx_word'/>
</head>
<body>
  <div class='ocr_page' id='page_1' title='image "benedictipapaex02xivgoog_0414.png"; bbox 0 0 2434 3992; ppageno 0'>
   <div class='ocr_carea' id='block_1_1' title="bbox 313 1655 636 1908">
    <p class='ocr_par' dir='ltr' id='par_1_1' title="bbox 313 1655 636 1908">
     <span class='ocr_line' id='line_1_1' title="bbox 391 1655 636 1710; baseline -0.02 0"><span class='ocrx_word' id='word_1_1' title='bbox 391 1657 526 1710; x_wconf 82' lang='lat' dir='ltr'><strong>Cum</strong></span> <span class='ocrx_word' id='word_1_2' title='bbox 562 1655 636 1706; x_wconf 78' lang='lat' dir='ltr'><strong>fa..</strong></span> 
     </span>
     <span class='ocr_line' id='line_1_2' title="bbox 313 1725 558 1775; baseline 0 -1"><span class='ocrx_word' id='word_1_3' title='bbox 313 1772 318 1774; x_wconf 82' lang='lat'><em>.</em></span> <span class='ocrx_word' id='word_1_4' title='bbox 356 1725 558 1775; x_wconf 64' lang='lat' dir='ltr'><strong>&gt;«unitate</strong></span> 
     </span>
     <span class='ocr_line' id='line_1_3' title="bbox 359 1791 618 1842; baseline 0.008 -2"><span class='ocrx_word' id='word_1_5' title='bbox 359 1791 618 1842; x_wconf 83' lang='lat' dir='ltr'><strong>condendi</strong></span> 
     </span>
     <span class='ocr_line' id='line_1_4' title="bbox 362 1857 585 1908; baseline 0 -2"><span class='ocrx_word' id='word_1_6' title='bbox 362 1857 585 1908; x_wconf 65' lang='lat' dir='ltr'><strong>Statuit.</strong></span> 
     </span>
    </p>
   </div>
   <div class='ocr_carea' id='block_1_2' title="bbox 350 2721 633 3175">
    <p class='ocr_par' dir='ltr' id='par_1_2' title="bbox 350 2721 633 3175">
     <span class='ocr_line' id='line_1_5' title="bbox 387 2721 632 2790; baseline -0.008 -16"><span class='ocrx_word' id='word_1_7' title='bbox 387 2723 458 2774; x_wconf 72' lang='lat' dir='ltr'><strong>Et</strong></span> <span class='ocrx_word' id='word_1_8' title='bbox 476 2721 632 2790; x_wconf 81' lang='lat' dir='ltr'><strong>depu-</strong></span> 
     </span>
     <span class='ocr_line' id='line_1_6' title="bbox 354 2789 607 2839; baseline 0 0"><span class='ocrx_word' id='word_1_9' title='bbox 354 2789 502 2839; x_wconf 77' lang='lat' dir='ltr'><strong>tandi</strong></span> <span class='ocrx_word' id='word_1_10' title='bbox 547 2805 607 2839; x_wconf 72' lang='lat' dir='ltr'><strong>ac</strong></span> 
     </span>
     <span class='ocr_line' id='line_1_7' title="bbox 358 2855 633 2906; baseline 0 -2"><span class='ocrx_word' id='word_1_11' title='bbox 358 2855 633 2906; x_wconf 77' lang='lat' dir='ltr'><strong>amovendi</strong></span> 
     </span>
     <span class='ocr_line' id='line_1_8' title="bbox 350 2921 570 2988; baseline 0 -16"><span class='ocrx_word' id='word_1_12' title='bbox 350 2921 570 2988; x_wconf 79' lang='lat' dir='ltr'><strong>Collegii</strong></span> 
     </span>
     <span class='ocr_line' id='line_1_9' title="bbox 350 2988 612 3041; baseline -0.008 -1"><span class='ocrx_word' id='word_1_13' title='bbox 350 2988 612 3041; x_wconf 76' lang='lat' dir='ltr'><strong>Officiales</strong></span> 
     </span>
     <span class='ocr_line' id='line_1_10' title="bbox 351 3056 626 3120; baseline 0.007 -16"><span class='ocrx_word' id='word_1_14' title='bbox 351 3063 507 3120; x_wconf 78' lang='lat' dir='ltr'><strong>atque</strong></span> <span class='ocrx_word' id='word_1_15' title='bbox 531 3056 626 3106; x_wconf 82' lang='lat' dir='ltr'><strong>Mi-</strong></span> 
     </span>
     <span class='ocr_line' id='line_1_11' title="bbox 351 3122 560 3175; baseline -0.005 0"><span class='ocrx_word' id='word_1_16' title='bbox 351 3122 560 3175; x_wconf 67' lang='lat' dir='ltr'><strong>nistros.</strong></span> 
     </span>
    </p>
   </div>
   <div class='ocr_carea' id='block_1_3' title="bbox 653 153 1768 226">
    <p class='ocr_par' dir='ltr' id='par_1_3' title="bbox 653 153 1768 226">
     <span class='ocr_line' id='line_1_12' title="bbox 653 153 1768 226; baseline -0.004 -1"><span class='ocrx_word' id='word_1_17' title='bbox 653 157 780 226; x_wconf 76' lang='lat'><strong>564</strong></span> <span class='ocrx_word' id='word_1_18' title='bbox 935 161 943 168; x_wconf 89' lang='lat'>&#39;</span> <span class='ocrx_word' id='word_1_19' title='bbox 1165 155 1554 220; x_wconf 59' lang='lat' dir='ltr'><strong>Burnum-n</strong></span> <span class='ocrx_word' id='word_1_20' title='bbox 1596 153 1768 220; x_wconf 77' lang='lat' dir='ltr'>XIV.</span> 
     </span>
    </p>
   </div>
   <div class='ocr_carea' id='block_1_4' title="bbox 471 259 2265 418">
    <p class='ocr_par' dir='ltr' id='par_1_4' title="bbox 471 259 2265 418">
     <span class='ocr_line' id='line_1_13' title="bbox 585 259 2259 341; baseline 0 -17"><span class='ocrx_word' id='word_1_21' title='bbox 585 312 597 324; x_wconf 94' lang='lat'><strong><em>.</em></strong></span> <span class='ocrx_word' id='word_1_22' title='bbox 653 285 791 336; x_wconf 82' lang='lat' dir='ltr'><strong>nes,</strong></span> <span class='ocrx_word' id='word_1_23' title='bbox 829 265 1280 339; x_wconf 70' lang='lat' dir='ltr'><strong>atqueStatuta</strong></span> <span class='ocrx_word' id='word_1_24' title='bbox 1318 271 1433 338; x_wconf 79' lang='lat' dir='ltr'><strong>pro</strong></span> <span class='ocrx_word' id='word_1_25' title='bbox 1472 261 1658 338; x_wconf 70' lang='lat' dir='ltr'><strong>ipsius</strong></span> <span class='ocrx_word' id='word_1_26' title='bbox 1698 259 1955 341; x_wconf 81' lang='lat' dir='ltr'><strong>Collegii</strong></span> <span class='ocrx_word' id='word_1_27' title='bbox 1990 259 2151 323; x_wconf 76' lang='lat' dir='ltr'><strong>felici</strong></span> <span class='ocrx_word' id='word_1_28' title='bbox 2176 283 2259 324; x_wconf 81' lang='lat' dir='ltr'><strong>re·</strong></span> 
     </span>
     <span class='ocr_line' id='line_1_14' title="bbox 471 337 2265 418; baseline -0.001 -17"><span class='ocrx_word' id='word_1_29' title='bbox 471 379 484 394; x_wconf 88' lang='lat'><strong>·</strong></span> <span class='ocrx_word' id='word_1_30' title='bbox 533 347 564 391; x_wconf 64' lang='grc' dir='ltr'><strong><em>ἰ</em></strong></span> <span class='ocrx_word' id='word_1_31' title='bbox 651 342 879 418; x_wconf 78' lang='lat' dir='ltr'><strong>gimine</strong></span> <span class='ocrx_word' id='word_1_32' title='bbox 919 351 983 399; x_wconf 89' lang='lat' dir='ltr'><strong>et</strong></span> <span class='ocrx_word' id='word_1_33' title='bbox 1020 339 1321 415; x_wconf 78' lang='lat' dir='ltr'>gubernio</span> <span class='ocrx_word' id='word_1_34' title='bbox 1344 339 1623 397; x_wconf 81' lang='lat' dir='ltr'><strong>·faeta.et</strong></span> <span class='ocrx_word' id='word_1_35' title='bbox 1660 338 1905 396; x_wconf 82' lang='lat' dir='ltr'><strong>condita</strong></span> <span class='ocrx_word' id='word_1_36' title='bbox 1926 383 1943 408; x_wconf 88' lang='lat'>‚</span> <span class='ocrx_word' id='word_1_37' title='bbox 1982 337 2151 398; x_wconf 87' lang='lat' dir='ltr'><strong>licita</strong></span> <span class='ocrx_word' id='word_1_38' title='bbox 2186 352 2265 399; x_wconf 80' lang='lat' dir='ltr'><strong>ta-</strong></span> 
     </span>
    </p>
   </div>
   <div class='ocr_carea' id='block_1_5' title="bbox 647 413 2274 3454">
    <p class='ocr_par' dir='ltr' id='par_1_5' title="bbox 647 413 2274 3454">
     <span class='ocr_line' id='line_1_15' title="bbox 650 413 2265 487; baseline -0.001 -11"><span class='ocrx_word' id='word_1_39' title='bbox 650 437 794 476; x_wconf 86' lang='lat' dir='ltr'><strong>men</strong></span> <span class='ocrx_word' id='word_1_40' title='bbox 829 427 893 475; x_wconf 89' lang='lat' dir='ltr'><strong>et</strong></span> <span class='ocrx_word' id='word_1_41' title='bbox 939 415 1232 487; x_wconf 79' lang='lat' dir='ltr'><strong>honesta,</strong></span> <span class='ocrx_word' id='word_1_42' title='bbox 1273 435 1343 473; x_wconf 89' lang='lat' dir='ltr'><strong>ac</strong></span> <span class='ocrx_word' id='word_1_43' title='bbox 1382 415 1573 473; x_wconf 81' lang='lat' dir='ltr'><strong>Sacris</strong></span> <span class='ocrx_word' id='word_1_44' title='bbox 1610 413 1969 474; x_wconf 78' lang='lat' dir='ltr'><strong>canonibus</strong></span> <span class='ocrx_word' id='word_1_45' title='bbox 2010 415 2265 476; x_wconf 65' lang='lat' dir='ltr'><strong>et&#39;Con-</strong></span> 
     </span>
     <span class='ocr_line' id='line_1_16' title="bbox 649 491 2267 568; baseline 0 -16"><span class='ocrx_word' id='word_1_46' title='bbox 649 492 774 554; x_wconf 85' lang='lat' dir='ltr'><strong>cilii</strong></span> <span class='ocrx_word' id='word_1_47' title='bbox 807 491 1156 552; x_wconf 76' lang='lat' dir='ltr'><strong>Tridentini</strong></span> <span class='ocrx_word' id='word_1_48' title='bbox 1192 493 1493 566; x_wconf 80' lang='lat' dir='ltr'><strong>Decretis,</strong></span> <span class='ocrx_word' id='word_1_49' title='bbox 1530 491 2099 551; x_wconf 72' lang='lat' dir='ltr'><strong>Constitutionibus</strong></span> <span class='ocrx_word' id='word_1_50' title='bbox 2120 497 2267 568; x_wconf 80' lang='lat' dir='ltr'><strong>Apo-</strong></span> 
     </span>
     <span class='ocr_line' id='line_1_17' title="bbox 649 564 2274 644; baseline 0 -16"><span class='ocrx_word' id='word_1_51' title='bbox 649 564 913 642; x_wconf 74' lang='lat' dir='ltr'><strong>stolicis,</strong></span> <span class='ocrx_word' id='word_1_52' title='bbox 964 579 1032 631; x_wconf 57' lang='lat' dir='ltr'><strong>&gt;et</strong></span> <span class='ocrx_word' id='word_1_53' title='bbox 1082 568 1473 644; x_wconf 65' lang='lat' dir='ltr'><strong>praesentium</strong></span> <span class='ocrx_word' id='word_1_54' title='bbox 1529 569 1733 626; x_wconf 87' lang='lat' dir='ltr'><strong>tenori</strong></span> <span class='ocrx_word' id='word_1_55' title='bbox 1774 587 1845 626; x_wconf 82' lang='lat' dir='ltr'><strong>ac</strong></span> <span class='ocrx_word' id='word_1_56' title='bbox 1896 567 2274 643; x_wconf 74' lang='lat' dir='ltr'>dispositioni</span> 
     </span>
     <span class='ocr_line' id='line_1_18' title="bbox 651 641 2271 723; baseline -0.001 -17"><span class='ocrx_word' id='word_1_57' title='bbox 651 647 904 706; x_wconf 71' lang='lat' dir='ltr'><strong>minime</strong></span> <span class='ocrx_word' id='word_1_58' title='bbox 945 647 1256 705; x_wconf 82' lang='lat' dir='ltr'><strong>contraria</strong></span> <span class='ocrx_word' id='word_1_59' title='bbox 1282 689 1300 716; x_wconf 91' lang='lat'><strong>‚</strong></span> <span class='ocrx_word' id='word_1_60' title='bbox 1352 641 1700 723; x_wconf 84' lang='lat' dir='ltr'><strong>Apostolica</strong></span> <span class='ocrx_word' id='word_1_61' title='bbox 1760 647 2138 710; x_wconf 81' lang='lat' dir='ltr'><strong>auctoritate</strong></span> <span class='ocrx_word' id='word_1_62' title='bbox 2166 665 2271 719; x_wconf 36' lang='lat' dir='ltr'><strong>,ea-</strong></span> 
     </span>
     <span class='ocr_line' id='line_1_19' title="bbox 649 721 2273 798; baseline -0.001 -16"><span class='ocrx_word' id='word_1_63' title='bbox 649 721 916 782; x_wconf 84' lang='lat' dir='ltr'><strong>rundem</strong></span> <span class='ocrx_word' id='word_1_64' title='bbox 955 731 1170 781; x_wconf 84' lang='lat' dir='ltr'><strong>tenore</strong></span> <span class='ocrx_word' id='word_1_65' title='bbox 1232 721 1623 798; x_wconf 71' lang='lat' dir='ltr'><strong>praesentium</strong></span> <span class='ocrx_word' id='word_1_66' title='bbox 1650 731 1987 796; x_wconf 78' lang='lat' dir='ltr'><strong>:perpetuo</strong></span> <span class='ocrx_word' id='word_1_67' title='bbox 2050 721 2273 780; x_wconf 68' lang='lat' dir='ltr'><strong>conffl-</strong></span> 
     </span>
     <span class='ocr_line' id='line_1_20' title="bbox 651 793 2269 875; baseline 0 -19"><span class='ocrx_word' id='word_1_68' title='bbox 651 818 890 856; x_wconf 83' lang='lat' dir='ltr'><strong>mamus</strong></span> <span class='ocrx_word' id='word_1_69' title='bbox 929 809 989 857; x_wconf 89' lang='lat' dir='ltr'><strong>et</strong></span> <span class='ocrx_word' id='word_1_70' title='bbox 1027 796 1471 875; x_wconf 73' lang='lat' dir='ltr'><strong>approbamus,</strong></span> <span class='ocrx_word' id='word_1_71' title='bbox 1497 793 1739 872; x_wconf 82' lang='lat' dir='ltr'><strong>illisque</strong></span> <span class='ocrx_word' id='word_1_72' title='bbox 1816 797 2067 856; x_wconf 77' lang='lat' dir='ltr'><strong>leuariae</strong></span> <span class='ocrx_word' id='word_1_73' title='bbox 2104 808 2169 856; x_wconf 87' lang='lat' dir='ltr'><strong>et</strong></span> <span class='ocrx_word' id='word_1_74' title='bbox 2190 799 2269 856; x_wconf 87' lang='lat' dir='ltr'><strong>in-</strong></span> 
     </span>
     <span class='ocr_line' id='line_1_21' title="bbox 651 873 2269 951; baseline -0.002 -15"><span class='ocrx_word' id='word_1_75' title='bbox 651 873 952 936; x_wconf 82' lang='lat' dir='ltr'><strong>violabilis</strong></span> <span class='ocrx_word' id='word_1_76' title='bbox 975 873 1337 950; x_wconf 81' lang='lat' dir='ltr'><strong>Apostolicae</strong></span> <span class='ocrx_word' id='word_1_77' title='bbox 1366 873 1670 932; x_wconf 83' lang='lat' dir='ltr'><strong>firmitatis</strong></span> <span class='ocrx_word' id='word_1_78' title='bbox 1708 891 1777 930; x_wconf 89' lang='lat' dir='ltr'><strong>ro</strong></span> <span class='ocrx_word' id='word_1_79' title='bbox 1822 894 1899 932; x_wconf 85' lang='lat' dir='ltr'><strong>ur</strong></span> <span class='ocrx_word' id='word_1_80' title='bbox 1924 874 2269 951; x_wconf 75' lang='lat' dir='ltr'><strong>adjicimus3</strong></span> 
     </span>
     <span class='ocr_line' id='line_1_22' title="bbox 653 948 2267 1026; baseline -0.002 -16"><span class='ocrx_word' id='word_1_81' title='bbox 653 972 724 1010; x_wconf 88' lang='lat' dir='ltr'><strong>ac</strong></span> <span class='ocrx_word' id='word_1_82' title='bbox 769 969 980 1010; x_wconf 88' lang='lat' dir='ltr'><strong>omnes</strong></span> <span class='ocrx_word' id='word_1_83' title='bbox 1031 961 1095 1010; x_wconf 87' lang='lat' dir='ltr'><strong>et</strong></span> <span class='ocrx_word' id='word_1_84' title='bbox 1133 948 1400 1026; x_wconf 77' lang='lat' dir='ltr'><strong>singulos</strong></span> <span class='ocrx_word' id='word_1_85' title='bbox 1448 959 1576 1007; x_wconf 85' lang='lat' dir='ltr'><strong>tam</strong></span> <span class='ocrx_word' id='word_1_86' title='bbox 1624 950 1811 1025; x_wconf 71' lang='lat' dir='ltr'><strong>iuris,</strong></span> <span class='ocrx_word' id='word_1_87' title='bbox 1866 970 2059 1024; x_wconf 85' lang='lat' dir='ltr'><strong>quam</strong></span> <span class='ocrx_word' id='word_1_88' title='bbox 2086 949 2267 1020; x_wconf 57' lang='lat' dir='ltr'><strong>facti,</strong></span> 
     </span>
     <span class='ocr_line' id='line_1_23' title="bbox 654 1024 2270 1103; baseline -0.001 -17"><span class='ocrx_word' id='word_1_89' title='bbox 654 1047 894 1087; x_wconf 80' lang='lat' dir='ltr'>necnon</span> <span class='ocrx_word' id='word_1_90' title='bbox 953 1024 1407 1086; x_wconf 80' lang='lat' dir='ltr'><strong>solemnitatum</strong></span> <span class='ocrx_word' id='word_1_91' title='bbox 1450 1045 1977 1102; x_wconf 82' lang='lat' dir='ltr'><strong>quarumcumque</strong></span> <span class='ocrx_word' id='word_1_92' title='bbox 2028 1035 2270 1103; x_wconf 75' lang='lat' dir='ltr'><strong>quomo-</strong></span> 
     </span>
     <span class='ocr_line' id='line_1_24' title="bbox 647 1100 2273 1178; baseline -0.001 -16"><span class='ocrx_word' id='word_1_93' title='bbox 647 1103 890 1178; x_wconf 39' lang='lat' dir='ltr'><strong>,delibet</strong></span> <span class='ocrx_word' id='word_1_94' title='bbox 931 1107 1293 1164; x_wconf 73' lang='lat' dir='ltr'><strong>omissurum</strong></span> <span class='ocrx_word' id='word_1_95' title='bbox 1314 1148 1332 1174; x_wconf 92' lang='lat'>‚</span> <span class='ocrx_word' id='word_1_96' title='bbox 1386 1100 1654 1176; x_wconf 85' lang='lat' dir='ltr'><strong>aliosque</strong></span> <span class='ocrx_word' id='word_1_97' title='bbox 1706 1100 1979 1162; x_wconf 86' lang='lat' dir='ltr'><strong>defectus</strong></span> <span class='ocrx_word' id='word_1_98' title='bbox 1996 1147 2013 1174; x_wconf 91' lang='lat'><strong>,</strong></span> <span class='ocrx_word' id='word_1_99' title='bbox 2074 1105 2128 1160; x_wconf 90' lang='lat' dir='ltr'><strong>si</strong></span> <span class='ocrx_word' id='word_1_100' title='bbox 2176 1105 2273 1178; x_wconf 85' lang='lat' dir='ltr'><strong>qni</strong></span> 
     </span>
     <span class='ocr_line' id='line_1_25' title="bbox 653 1177 2269 1255; baseline -0.001 -17"><span class='ocrx_word' id='word_1_101' title='bbox 653 1180 860 1240; x_wconf 78' lang='lat' dir='ltr'><strong>forsan</strong></span> <span class='ocrx_word' id='word_1_102' title='bbox 905 1182 1351 1240; x_wconf 81' lang='lat' dir='ltr'><strong>intervenerint</strong></span> <span class='ocrx_word' id='word_1_103' title='bbox 1390 1179 1455 1236; x_wconf 88' lang='lat' dir='ltr'><strong>in</strong></span> <span class='ocrx_word' id='word_1_104' title='bbox 1496 1178 1721 1236; x_wconf 84' lang='lat' dir='ltr'><strong>eisdem</strong></span> <span class='ocrx_word' id='word_1_105' title='bbox 1743 1220 1755 1244; x_wconf 88' lang='lat'>‚</span> <span class='ocrx_word' id='word_1_106' title='bbox 1796 1177 2155 1255; x_wconf 78' lang='lat' dir='ltr'><strong>supplemus</strong></span> <span class='ocrx_word' id='word_1_107' title='bbox 2172 1177 2269 1254; x_wconf 73' lang='lat' dir='ltr'><strong>32il-</strong></span> 
     </span>
     <span class='ocr_line' id='line_1_26' title="bbox 658 1253 2273 1332; baseline -0.001 -18"><span class='ocrx_word' id='word_1_108' title='bbox 658 1255 839 1332; x_wconf 85' lang='lat' dir='ltr'><strong>laque</strong></span> <span class='ocrx_word' id='word_1_109' title='bbox 891 1260 1096 1328; x_wconf 75' lang='lat' dir='ltr'><strong>omnia</strong></span> <span class='ocrx_word' id='word_1_110' title='bbox 1152 1256 1519 1326; x_wconf 84' lang='lat' dir='ltr'><strong>auctoritate</strong></span> <span class='ocrx_word' id='word_1_111' title='bbox 1538 1299 1555 1328; x_wconf 91' lang='lat'><strong>,</strong></span> <span class='ocrx_word' id='word_1_112' title='bbox 1616 1265 1677 1313; x_wconf 90' lang='lat' dir='ltr'><strong>et</strong></span> <span class='ocrx_word' id='word_1_113' title='bbox 1718 1263 1935 1315; x_wconf 84' lang='lat' dir='ltr'><strong>tenore</strong></span> <span class='ocrx_word' id='word_1_114' title='bbox 1980 1253 2273 1332; x_wconf 72' lang='lat' dir='ltr'><strong>praedictis</strong></span> 
     </span>
     <span class='ocr_line' id='line_1_27' title="bbox 657 1330 2271 1404; baseline -0.001 -14"><span class='ocrx_word' id='word_1_115' title='bbox 657 1332 1058 1402; x_wconf 73' lang='lat' dir='ltr'><strong>innovamuS,</strong></span> <span class='ocrx_word' id='word_1_116' title='bbox 1125 1343 1187 1390; x_wconf 89' lang='lat' dir='ltr'><strong>et</strong></span> <span class='ocrx_word' id='word_1_117' title='bbox 1242 1332 1319 1390; x_wconf 87' lang='lat' dir='ltr'><strong>de</strong></span> <span class='ocrx_word' id='word_1_118' title='bbox 1366 1337 1527 1390; x_wconf 73' lang='lat' dir='ltr'><strong>nov&#39;o</strong></span> <span class='ocrx_word' id='word_1_119' title='bbox 1586 1330 2013 1404; x_wconf 79' lang='lat' dir='ltr'><strong>concedimuS,</strong></span> <span class='ocrx_word' id='word_1_120' title='bbox 2078 1352 2151 1390; x_wconf 84' lang='lat' dir='ltr'><strong>ac</strong></span> <span class='ocrx_word' id='word_1_121' title='bbox 2198 1331 2271 1389; x_wconf 83' lang='lat' dir='ltr'><strong>ab</strong></span> 
     </span>
     <span class='ocr_line' id='line_1_28' title="bbox 659 1407 2269 1486; baseline 0.001 -21"><span class='ocrx_word' id='word_1_122' title='bbox 659 1407 942 1468; x_wconf 88' lang='lat' dir='ltr'><strong>omnibus</strong></span> <span class='ocrx_word' id='word_1_123' title='bbox 975 1417 1036 1465; x_wconf 84' lang='lat' dir='ltr'><strong>et</strong></span> <span class='ocrx_word' id='word_1_124' title='bbox 1075 1407 1325 1483; x_wconf 72' lang='lat' dir='ltr'><strong>singulis</strong></span> <span class='ocrx_word' id='word_1_125' title='bbox 1356 1409 1633 1482; x_wconf 82' lang='lat' dir='ltr'><strong>personis</strong></span> <span class='ocrx_word' id='word_1_126' title='bbox 1658 1453 1675 1478; x_wconf 94' lang='lat'><strong>,</strong></span> <span class='ocrx_word' id='word_1_127' title='bbox 1712 1407 1791 1466; x_wconf 90' lang='lat' dir='ltr'><strong>ad</strong></span> <span class='ocrx_word' id='word_1_128' title='bbox 1812 1428 1965 1486; x_wconf 82' lang='lat' dir='ltr'><strong>quas</strong></span> <span class='ocrx_word' id='word_1_129' title='bbox 1990 1427 2107 1483; x_wconf 72' lang='lat' dir='ltr'><strong>pro</strong></span> <span class='ocrx_word' id='word_1_130' title='bbox 2131 1417 2269 1466; x_wconf 87' lang='lat' dir='ltr'><strong>tem-</strong></span> 
     </span>
     <span class='ocr_line' id='line_1_29' title="bbox 667 1481 2268 1560; baseline -0.001 -18"><span class='ocrx_word' id='word_1_131' title='bbox 667 1489 671 1494; x_wconf 82' lang='lat'>&#39;</span> <span class='ocrx_word' id='word_1_132' title='bbox 701 1503 814 1542; x_wconf 85' lang='lat' dir='ltr'><strong>ore.</strong></span> <span class='ocrx_word' id='word_1_133' title='bbox 841 1494 1072 1560; x_wconf 79' lang='lat' dir='ltr'><strong>spectat</strong></span> <span class='ocrx_word' id='word_1_134' title='bbox 1115 1495 1180 1542; x_wconf 89' lang='lat' dir='ltr'><strong>et</strong></span> <span class='ocrx_word' id='word_1_135' title='bbox 1222 1482 1533 1560; x_wconf 73' lang='lat' dir='ltr'><strong>spectabit</strong></span> <span class='ocrx_word' id='word_1_136' title='bbox 1560 1485 1625 1542; x_wconf 91' lang='lat' dir='ltr'><strong>in</strong></span> <span class='ocrx_word' id='word_1_137' title='bbox 1660 1483 1941 1544; x_wconf 78' lang='lat' dir='ltr'><strong>futurum</strong></span> <span class='ocrx_word' id='word_1_138' title='bbox 1961 1525 1977 1553; x_wconf 90' lang='lat'><strong>,</strong></span> <span class='ocrx_word' id='word_1_139' title='bbox 2030 1481 2268 1544; x_wconf 83' lang='lat' dir='ltr'><strong>inviola-</strong></span> 
     </span>
     <span class='ocr_line' id='line_1_30' title="bbox 657 1503 2267 1636; baseline -0.001 -19"><span class='ocrx_word' id='word_1_140' title='bbox 657 1503 868 1618; x_wconf 53' lang='lat' dir='ltr'><strong>{iliter</strong></span> <span class='ocrx_word' id='word_1_141' title='bbox 889 1569 1186 1636; x_wconf 80' lang='lat' dir='ltr'><strong>perpetuo</strong></span> <span class='ocrx_word' id='word_1_142' title='bbox 1211 1561 1443 1622; x_wconf 84' lang='lat' dir='ltr'><strong>servari</strong></span> <span class='ocrx_word' id='word_1_143' title='bbox 1472 1558 1780 1634; x_wconf 81' lang='lat' dir='ltr'><strong>volumus,</strong></span> <span class='ocrx_word' id='word_1_144' title='bbox 1806 1572 1871 1621; x_wconf 85' lang='lat' dir='ltr'><strong>et</strong></span> <span class='ocrx_word' id='word_1_145' title='bbox 1896 1559 2267 1620; x_wconf 82' lang='lat' dir='ltr'><strong>mandamus.</strong></span> 
     </span>
     <span class='ocr_line' id='line_1_31' title="bbox 659 1637 2267 1713; baseline -0.001 -18"><span class='ocrx_word' id='word_1_146' title='bbox 659 1641 864 1713; x_wconf 83' lang='lat' dir='ltr'><strong>thue</strong></span> <span class='ocrx_word' id='word_1_147' title='bbox 908 1637 1260 1713; x_wconf 75' lang='lat' dir='ltr'><strong>supradicta</strong></span> <span class='ocrx_word' id='word_1_148' title='bbox 1304 1657 1515 1696; x_wconf 84' lang='lat' dir='ltr'><strong>eorum</strong></span> <span class='ocrx_word' id='word_1_149' title='bbox 1562 1639 1799 1696; x_wconf 77' lang='lat' dir='ltr'><strong>statuta</strong></span> <span class='ocrx_word' id='word_1_150' title='bbox 1822 1681 1838 1710; x_wconf 92' lang='lat'><strong>,</strong></span> <span class='ocrx_word' id='word_1_151' title='bbox 1880 1637 2267 1696; x_wconf 81' lang='lat' dir='ltr'><strong>Constitutio-</strong></span> 
     </span>
     <span class='ocr_line' id='line_1_32' title="bbox 661 1711 2265 1788; baseline -0.001 -16"><span class='ocrx_word' id='word_1_152' title='bbox 661 1733 802 1787; x_wconf 77' lang='lat' dir='ltr'><strong>neS,</strong></span> <span class='ocrx_word' id='word_1_153' title='bbox 851 1712 1325 1787; x_wconf 76' lang='lat' dir='ltr'><strong>Ordinationes,</strong></span> <span class='ocrx_word' id='word_1_154' title='bbox 1380 1711 1605 1788; x_wconf 72' lang='lat' dir='ltr'><strong>stylos,</strong></span> <span class='ocrx_word' id='word_1_155' title='bbox 1644 1733 1819 1786; x_wconf 71' lang='lat' dir='ltr'><strong>usuc,</strong></span> <span class='ocrx_word' id='word_1_156' title='bbox 1860 1723 1923 1772; x_wconf 89' lang='lat' dir='ltr'><strong>et</strong></span> <span class='ocrx_word' id='word_1_157' title='bbox 1960 1724 2265 1774; x_wconf 83' lang='lat' dir='ltr'><strong>consuetu-</strong></span> 
     </span>
     <span class='ocr_line' id='line_1_33' title="bbox 659 1788 2265 1866; baseline -0.001 -18"><span class='ocrx_word' id='word_1_158' title='bbox 659 1788 832 1850; x_wconf 81' lang='lat' dir='ltr'><strong>dines</strong></span> <span class='ocrx_word' id='word_1_159' title='bbox 871 1809 986 1866; x_wconf 90' lang='lat' dir='ltr'><strong>pro</strong></span> <span class='ocrx_word' id='word_1_160' title='bbox 1029 1810 1236 1848; x_wconf 87' lang='lat' dir='ltr'><strong>rerum</strong></span> <span class='ocrx_word' id='word_1_161' title='bbox 1275 1801 1551 1866; x_wconf 85' lang='lat' dir='ltr'><strong>tempore</strong></span> <span class='ocrx_word' id='word_1_162' title='bbox 1594 1800 1657 1848; x_wconf 87' lang='lat' dir='ltr'><strong>et</strong></span> <span class='ocrx_word' id='word_1_163' title='bbox 1692 1803 2102 1866; x_wconf 81' lang='lat' dir='ltr'><strong>personarum</strong></span> <span class='ocrx_word' id='word_1_164' title='bbox 2140 1809 2265 1864; x_wconf 80' lang='lat' dir='ltr'><strong>qua-</strong></span> 
     </span>
     <span class='ocr_line' id='line_1_34' title="bbox 658 1863 2263 1944; baseline 0 -20"><span class='ocrx_word' id='word_1_165' title='bbox 658 1863 864 1939; x_wconf 84' lang='lat' dir='ltr'><strong>litate,</strong></span> <span class='ocrx_word' id='word_1_166' title='bbox 895 1887 965 1924; x_wconf 86' lang='lat' dir='ltr'><strong>ac</strong></span> <span class='ocrx_word' id='word_1_167' title='bbox 1000 1869 1237 1944; x_wconf 82' lang='lat' dir='ltr'><strong>quoties</strong></span> <span class='ocrx_word' id='word_1_168' title='bbox 1266 1868 1351 1924; x_wconf 84' lang='lat' dir='ltr'><strong>eis</strong></span> <span class='ocrx_word' id='word_1_169' title='bbox 1390 1865 1669 1940; x_wconf 83' lang='lat' dir='ltr'><strong>expedire</strong></span> <span class='ocrx_word' id='word_1_170' title='bbox 1712 1866 2033 1928; x_wconf 81' lang='lat' dir='ltr'><strong>videbitur</strong></span> <span class='ocrx_word' id='word_1_171' title='bbox 2056 1911 2073 1936; x_wconf 93' lang='lat'><strong>,</strong></span> <span class='ocrx_word' id='word_1_172' title='bbox 2108 1865 2263 1924; x_wconf 86' lang='lat' dir='ltr'><strong>abro-</strong></span> 
     </span>
     <span class='ocr_line' id='line_1_35' title="bbox 699 1941 2265 2016; baseline -0.001 -16"><span class='ocrx_word' id='word_1_173' title='bbox 699 1963 802 2001; x_wconf 82' lang='lat' dir='ltr'><strong>are</strong></span> <span class='ocrx_word' id='word_1_174' title='bbox 821 1988 836 2016; x_wconf 94' lang='lat'><strong>,</strong></span> <span class='ocrx_word' id='word_1_175' title='bbox 867 1945 1099 2010; x_wconf 79' lang='lat' dir='ltr'><strong>cassare</strong></span> <span class='ocrx_word' id='word_1_176' title='bbox 1116 1987 1133 2014; x_wconf 90' lang='lat'><strong>,</strong></span> <span class='ocrx_word' id='word_1_177' title='bbox 1160 1955 1433 2016; x_wconf 85' lang='lat' dir='ltr'><strong>mutare,</strong></span> <span class='ocrx_word' id='word_1_178' title='bbox 1466 1942 1727 2001; x_wconf 78' lang='lat' dir='ltr'><strong>alterare</strong></span> <span class='ocrx_word' id='word_1_179' title='bbox 1748 1987 1766 2016; x_wconf 95' lang='lat'><strong>,</strong></span> <span class='ocrx_word' id='word_1_180' title='bbox 1794 1954 1856 2002; x_wconf 87' lang='lat' dir='ltr'><strong>et</strong></span> <span class='ocrx_word' id='word_1_181' title='bbox 1880 1941 2001 2001; x_wconf 87' lang='lat' dir='ltr'><strong>alia</strong></span> <span class='ocrx_word' id='word_1_182' title='bbox 2041 1941 2265 2001; x_wconf 87' lang='lat' dir='ltr'><strong>illorum</strong></span> 
     </span>
     <span class='ocr_line' id='line_1_36' title="bbox 683 2017 2264 2091; baseline -0.001 -15"><span class='ocrx_word' id='word_1_183' title='bbox 683 2039 796 2076; x_wconf 91' lang='lat' dir='ltr'><strong>oco</strong></span> <span class='ocrx_word' id='word_1_184' title='bbox 835 2018 1034 2075; x_wconf 86' lang='lat' dir='ltr'><strong>facere</strong></span> <span class='ocrx_word' id='word_1_185' title='bbox 1051 2061 1066 2086; x_wconf 87' lang='lat'><strong>,</strong></span> <span class='ocrx_word' id='word_1_186' title='bbox 1117 2017 1381 2077; x_wconf 84' lang='lat' dir='ltr'><strong>condere</strong></span> <span class='ocrx_word' id='word_1_187' title='bbox 1400 2061 1416 2089; x_wconf 91' lang='lat'><strong>,</strong></span> <span class='ocrx_word' id='word_1_188' title='bbox 1462 2019 1667 2091; x_wconf 86' lang='lat' dir='ltr'><strong>edere,</strong></span> <span class='ocrx_word' id='word_1_189' title='bbox 1712 2030 1775 2078; x_wconf 85' lang='lat' dir='ltr'><strong>et</strong></span> <span class='ocrx_word' id='word_1_190' title='bbox 1810 2039 2061 2080; x_wconf 78' lang='lat' dir='ltr'><strong>servare</strong></span> <span class='ocrx_word' id='word_1_191' title='bbox 2096 2017 2264 2077; x_wconf 82' lang='lat' dir='ltr'><strong>libere</strong></span> 
     </span>
     <span class='ocr_line' id='line_1_37' title="bbox 657 2091 2261 2230; baseline 0.001 -80"><span class='ocrx_word' id='word_1_192' title='bbox 657 2100 721 2150; x_wconf 90' lang='lat' dir='ltr'><strong>et</strong></span> <span class='ocrx_word' id='word_1_193' title='bbox 757 2092 924 2150; x_wconf 85' lang='lat' dir='ltr'><strong>licite</strong></span> <span class='ocrx_word' id='word_1_194' title='bbox 946 2091 1227 2168; x_wconf 78' lang='lat' dir='ltr'><strong>valeant,</strong></span> <span class='ocrx_word' id='word_1_195' title='bbox 1254 2115 1387 2172; x_wconf 75' lang='lat' dir='ltr'><strong>quae</strong></span> <span class='ocrx_word' id='word_1_196' title='bbox 1420 2104 1742 2230; x_wconf 50' lang='lat' dir='ltr'><strong>poffiuam</strong></span> <span class='ocrx_word' id='word_1_197' title='bbox 1773 2095 1967 2168; x_wconf 81' lang='lat' dir='ltr'><strong>facta,</strong></span> <span class='ocrx_word' id='word_1_198' title='bbox 2004 2095 2261 2163; x_wconf 84' lang='lat' dir='ltr'><strong>condita,</strong></span> 
     </span>
     <span class='ocr_line' id='line_1_38' title="bbox 656 2169 2259 2248; baseline 0.002 -23"><span class='ocrx_word' id='word_1_199' title='bbox 656 2178 720 2226; x_wconf 89' lang='lat' dir='ltr'><strong>et</strong></span> <span class='ocrx_word' id='word_1_200' title='bbox 761 2169 924 2227; x_wconf 81' lang='lat' dir='ltr'><strong>edita</strong></span> <span class='ocrx_word' id='word_1_201' title='bbox 972 2169 1239 2243; x_wconf 87' lang='lat' dir='ltr'><strong>fuerint,</strong></span> <span class='ocrx_word' id='word_1_202' title='bbox 1295 2171 1506 2232; x_wconf 87' lang='lat' dir='ltr'><strong>dumm</strong></span> <span class='ocrx_word' id='word_1_203' title='bbox 1592 2192 1669 2245; x_wconf 92' lang='lat' dir='ltr'><strong>o,</strong></span> <span class='ocrx_word' id='word_1_204' title='bbox 1718 2182 1791 2230; x_wconf 86' lang='lat' dir='ltr'><strong>ut</strong></span> <span class='ocrx_word' id='word_1_205' title='bbox 1839 2172 2259 2248; x_wconf 69' lang='lat' dir='ltr'><strong>praemittitur,</strong></span> 
     </span>
     <span class='ocr_line' id='line_1_39' title="bbox 655 2241 2257 2323; baseline 0.003 -24"><span class='ocrx_word' id='word_1_206' title='bbox 655 2241 822 2304; x_wconf 86' lang='lat' dir='ltr'><strong>licita</strong></span> <span class='ocrx_word' id='word_1_207' title='bbox 861 2255 926 2303; x_wconf 91' lang='lat' dir='ltr'><strong>et</strong></span> <span class='ocrx_word' id='word_1_208' title='bbox 959 2244 1214 2306; x_wconf 80' lang='lat' dir='ltr'><strong>honesta</strong></span> <span class='ocrx_word' id='word_1_209' title='bbox 1232 2291 1248 2318; x_wconf 86' lang='lat'><strong>,</strong></span> <span class='ocrx_word' id='word_1_210' title='bbox 1290 2249 1605 2323; x_wconf 76' lang='lat' dir='ltr'><strong>Sao-risque</strong></span> <span class='ocrx_word' id='word_1_211' title='bbox 1648 2248 2011 2308; x_wconf 86' lang='lat' dir='ltr'><strong>Canonibus</strong></span> <span class='ocrx_word' id='word_1_212' title='bbox 2064 2260 2125 2306; x_wconf 89' lang='lat' dir='ltr'><strong>et</strong></span> <span class='ocrx_word' id='word_1_213' title='bbox 2161 2251 2257 2304; x_wconf 84' lang='lat' dir='ltr'><strong>De-</strong></span> 
     </span>
     <span class='ocr_line' id='line_1_40' title="bbox 656 2319 2258 2408; baseline -0.001 -27"><span class='ocrx_word' id='word_1_214' title='bbox 656 2323 836 2408; x_wconf 66' lang='lat' dir='ltr'><strong>cretis</strong></span> <span class='ocrx_word' id='word_1_215' title='bbox 869 2319 1018 2380; x_wconf 88' lang='lat' dir='ltr'><strong>dicti</strong></span> <span class='ocrx_word' id='word_1_216' title='bbox 1054 2321 1344 2396; x_wconf 76' lang='lat' dir='ltr'><strong>concilii,</strong></span> <span class='ocrx_word' id='word_1_217' title='bbox 1380 2324 1943 2384; x_wconf 79' lang='lat' dir='ltr'><strong>constitutionibus</strong></span> <span class='ocrx_word' id='word_1_218' title='bbox 1984 2321 2258 2400; x_wconf 78' lang='lat' dir='ltr'><strong>Apostoli-</strong></span> 
     </span>
     <span class='ocr_line' id='line_1_41' title="bbox 655 2399 2255 2474; baseline 0.001 -21"><span class='ocrx_word' id='word_1_219' title='bbox 655 2415 778 2468; x_wconf 79' lang='lat' dir='ltr'><strong>cis,</strong></span> <span class='ocrx_word' id='word_1_220' title='bbox 829 2418 900 2456; x_wconf 83' lang='lat' dir='ltr'><strong>ac</strong></span> <span class='ocrx_word' id='word_1_221' title='bbox 953 2401 1345 2474; x_wconf 65' lang='lat' dir='ltr'><strong>praesentium</strong></span> <span class='ocrx_word' id='word_1_222' title='bbox 1390 2403 1589 2458; x_wconf 84' lang='lat' dir='ltr'><strong>tenori</strong></span> <span class='ocrx_word' id='word_1_223' title='bbox 1634 2403 1947 2460; x_wconf 80' lang='lat' dir='ltr'><strong>contraria</strong></span> <span class='ocrx_word' id='word_1_224' title='bbox 1996 2423 2113 2459; x_wconf 87' lang='lat' dir='ltr'><strong>non</strong></span> <span class='ocrx_word' id='word_1_225' title='bbox 2152 2399 2255 2458; x_wconf 90' lang='lat' dir='ltr'><strong>exi-</strong></span> 
     </span>
     <span class='ocr_line' id='line_1_42' title="bbox 653 2475 2255 2551; baseline 0.001 -21"><span class='ocrx_word' id='word_1_226' title='bbox 653 2483 852 2547; x_wconf 88' lang='lat' dir='ltr'><strong>stant,</strong></span> <span class='ocrx_word' id='word_1_227' title='bbox 877 2477 968 2536; x_wconf 73' lang='lat' dir='ltr'><strong>eo&#39;</strong></span> <span class='ocrx_word' id='word_1_228' title='bbox 987 2477 1116 2551; x_wconf 85' lang='lat' dir='ltr'><strong>ipso</strong></span> <span class='ocrx_word' id='word_1_229' title='bbox 1147 2475 1310 2534; x_wconf 83' lang='lat' dir='ltr'><strong>dicta</strong></span> <span class='ocrx_word' id='word_1_230' title='bbox 1338 2478 1701 2535; x_wconf 82' lang='lat' dir='ltr'><strong>auctoritate</strong></span> <span class='ocrx_word' id='word_1_231' title='bbox 1734 2479 2096 2538; x_wconf 76' lang='lat' dir='ltr'><strong>confirmata</strong></span> <span class='ocrx_word' id='word_1_232' title='bbox 2122 2479 2255 2543; x_wconf 83' lang='lat' dir='ltr'><strong>sint,</strong></span> 
     </span>
     <span class='ocr_line' id='line_1_43' title="bbox 655 2550 2253 2629; baseline 0.001 -23"><span class='ocrx_word' id='word_1_233' title='bbox 655 2569 727 2607; x_wconf 84' lang='lat' dir='ltr'><strong>ac</strong></span> <span class='ocrx_word' id='word_1_234' title='bbox 753 2550 830 2609; x_wconf 89' lang='lat' dir='ltr'><strong>ab</strong></span> <span class='ocrx_word' id='word_1_235' title='bbox 873 2551 1158 2610; x_wconf 85' lang='lat' dir='ltr'><strong>omnihus</strong></span> <span class='ocrx_word' id='word_1_236' title='bbox 1191 2562 1255 2610; x_wconf 85' lang='lat' dir='ltr'><strong>et</strong></span> <span class='ocrx_word' id='word_1_237' title='bbox 1276 2551 1525 2626; x_wconf 85' lang='lat' dir='ltr'><strong>singulis</strong></span> <span class='ocrx_word' id='word_1_238' title='bbox 1542 2597 1559 2624; x_wconf 91' lang='lat'><strong>,</strong></span> <span class='ocrx_word' id='word_1_239' title='bbox 1595 2571 1748 2629; x_wconf 81' lang='lat' dir='ltr'><strong>quos</strong></span> <span class='ocrx_word' id='word_1_240' title='bbox 1773 2573 1841 2612; x_wconf 83' lang='lat' dir='ltr'><strong>ea</strong></span> <span class='ocrx_word' id='word_1_241' title='bbox 1866 2561 2253 2618; x_wconf 84' lang='lat' dir='ltr'><strong>concernunt,</strong></span> 
     </span>
     <span class='ocr_line' id='line_1_44' title="bbox 655 2626 2251 2702; baseline 0.001 -20"><span class='ocrx_word' id='word_1_242' title='bbox 655 2626 722 2683; x_wconf 87' lang='lat' dir='ltr'><strong>in</strong></span> <span class='ocrx_word' id='word_1_243' title='bbox 769 2626 1040 2684; x_wconf 82' lang='lat' dir='ltr'><strong>futurum</strong></span> <span class='ocrx_word' id='word_1_244' title='bbox 1085 2627 1204 2686; x_wconf 85' lang='lat' dir='ltr'><strong>sub</strong></span> <span class='ocrx_word' id='word_1_245' title='bbox 1252 2630 1445 2702; x_wconf 83' lang='lat' dir='ltr'><strong>poenis</strong></span> <span class='ocrx_word' id='word_1_246' title='bbox 1492 2632 1551 2687; x_wconf 91' lang='lat' dir='ltr'><strong>in</strong></span> <span class='ocrx_word' id='word_1_247' title='bbox 1600 2631 1685 2687; x_wconf 86' lang='lat' dir='ltr'><strong>eis</strong></span> <span class='ocrx_word' id='word_1_248' title='bbox 1732 2631 2037 2690; x_wconf 84' lang='lat' dir='ltr'><strong>contentis</strong></span> <span class='ocrx_word' id='word_1_249' title='bbox 2070 2629 2251 2686; x_wconf 84' lang='lat' dir='ltr'><strong>obser-</strong></span> 
     </span>
     <span class='ocr_line' id='line_1_45' title="bbox 653 2702 2251 2780; baseline -0.001 -18"><span class='ocrx_word' id='word_1_250' title='bbox 653 2703 788 2762; x_wconf 79' lang='lat' dir='ltr'><strong>vari</strong></span> <span class='ocrx_word' id='word_1_251' title='bbox 823 2702 1090 2762; x_wconf 85' lang='lat' dir='ltr'><strong>debeant</strong></span> <span class='ocrx_word' id='word_1_252' title='bbox 1119 2724 1136 2760; x_wconf 73' lang='lat' dir='ltr'><em>z</em></span> <span class='ocrx_word' id='word_1_253' title='bbox 1179 2708 1437 2780; x_wconf 81' lang='lat' dir='ltr'><strong>Insuper</strong></span> <span class='ocrx_word' id='word_1_254' title='bbox 1474 2715 1563 2764; x_wconf 86' lang='lat' dir='ltr'><strong>ut.</strong></span> <span class='ocrx_word' id='word_1_255' title='bbox 1584 2706 1853 2780; x_wconf 86' lang='lat' dir='ltr'><strong>ipsorum</strong></span> <span class='ocrx_word' id='word_1_256' title='bbox 1887 2704 2133 2780; x_wconf 84' lang='lat' dir='ltr'><strong>Collegii</strong></span> <span class='ocrx_word' id='word_1_257' title='bbox 2166 2707 2251 2760; x_wconf 87' lang='lat' dir='ltr'><strong>Se-</strong></span> 
     </span>
     <span class='ocr_line' id='line_1_46' title="bbox 655 2777 2251 2856; baseline 0.001 -22"><span class='ocrx_word' id='word_1_258' title='bbox 655 2781 1016 2847; x_wconf 85' lang='lat' dir='ltr'><strong>cretarium,</strong></span> <span class='ocrx_word' id='word_1_259' title='bbox 1058 2777 1331 2856; x_wconf 85' lang='lat' dir='ltr'><strong>aliosque</strong></span> <span class='ocrx_word' id='word_1_260' title='bbox 1374 2779 1685 2841; x_wconf 64' lang='lat' dir='ltr'><strong>officiales</strong></span> <span class='ocrx_word' id='word_1_261' title='bbox 1720 2791 1781 2840; x_wconf 90' lang='lat' dir='ltr'><strong>et</strong></span> <span class='ocrx_word' id='word_1_262' title='bbox 1820 2785 2117 2842; x_wconf 66' lang='lat' dir='ltr'><strong>ministros</strong></span> <span class='ocrx_word' id='word_1_263' title='bbox 2150 2797 2251 2854; x_wconf 82' lang='lat' dir='ltr'><strong>pro</strong></span> 
     </span>
     <span class='ocr_line' id='line_1_47' title="bbox 653 2853 2248 2933; baseline -0.001 -21"><span class='ocrx_word' id='word_1_264' title='bbox 653 2873 764 2913; x_wconf 84' lang='lat' dir='ltr'><strong>suo</strong></span> <span class='ocrx_word' id='word_1_265' title='bbox 803 2854 1060 2914; x_wconf 87' lang='lat' dir='ltr'><strong>arbitrio</strong></span> <span class='ocrx_word' id='word_1_266' title='bbox 1098 2853 1321 2928; x_wconf 82' lang='lat' dir='ltr'><strong>eligere</strong></span> <span class='ocrx_word' id='word_1_267' title='bbox 1358 2868 1419 2916; x_wconf 91' lang='lat' dir='ltr'><strong>et</strong></span> <span class='ocrx_word' id='word_1_268' title='bbox 1456 2857 1779 2932; x_wconf 81' lang='lat' dir='ltr'><strong>deputare,</strong></span> <span class='ocrx_word' id='word_1_269' title='bbox 1824 2876 2131 2933; x_wconf 83' lang='lat' dir='ltr'><strong>amovere,</strong></span> <span class='ocrx_word' id='word_1_270' title='bbox 2166 2854 2248 2911; x_wconf 85' lang='lat' dir='ltr'><strong>di-</strong></span> 
     </span>
     <span class='ocr_line' id='line_1_48' title="bbox 655 2931 2246 3008; baseline -0.002 -20"><span class='ocrx_word' id='word_1_271' title='bbox 655 2933 899 2990; x_wconf 84' lang='lat' dir='ltr'><strong>mittere</strong></span> <span class='ocrx_word' id='word_1_272' title='bbox 922 2975 939 3002; x_wconf 89' lang='lat'><strong>,</strong></span> <span class='ocrx_word' id='word_1_273' title='bbox 977 2939 1036 3004; x_wconf 87' lang='lat' dir='ltr'><strong>et</strong></span> <span class='ocrx_word' id='word_1_274' title='bbox 1073 2941 1311 2990; x_wconf 81' lang='lat' dir='ltr'><strong>mutare</strong></span> <span class='ocrx_word' id='word_1_275' title='bbox 1348 2931 1631 2996; x_wconf 82' lang='lat' dir='ltr'><strong>valeant,</strong></span> <span class='ocrx_word' id='word_1_276' title='bbox 1670 2937 1911 3008; x_wconf 84' lang='lat' dir='ltr'><strong>quoties</strong></span> <span class='ocrx_word' id='word_1_277' title='bbox 1958 2934 2013 2992; x_wconf 90' lang='lat' dir='ltr'><strong>id</strong></span> <span class='ocrx_word' id='word_1_278' title='bbox 2052 2933 2128 3001; x_wconf 70' lang='lat' dir='ltr'><strong>eis</strong></span> <span class='ocrx_word' id='word_1_279' title='bbox 2160 2937 2246 2986; x_wconf 83' lang='lat' dir='ltr'><strong>ex&#39;-</strong></span> 
     </span>
     <span class='ocr_line' id='line_1_49' title="bbox 652 3003 2245 3090; baseline -0.002 -27"><span class='ocrx_word' id='word_1_280' title='bbox 652 3006 862 3080; x_wconf 88' lang='lat' dir='ltr'><strong>pedire</strong></span> <span class='ocrx_word' id='word_1_281' title='bbox 903 3003 1241 3080; x_wconf 76' lang='lat' dir='ltr'><strong>videbitur,</strong></span> <span class='ocrx_word' id='word_1_282' title='bbox 1288 3009 1511 3068; x_wconf 90' lang='lat' dir='ltr'><strong>eisdem</strong></span> <span class='ocrx_word' id='word_1_283' title='bbox 1554 3013 1923 3090; x_wconf 69' lang='lat' dir='ltr'><strong>auctoritate</strong></span> <span class='ocrx_word' id='word_1_284' title='bbox 1962 3021 2021 3068; x_wconf 85' lang='lat' dir='ltr'><strong>et</strong></span> <span class='ocrx_word' id='word_1_285' title='bbox 2060 3018 2245 3065; x_wconf 82' lang='lat' dir='ltr'><strong>tenore</strong></span> 
     </span>
     <span class='ocr_line' id='line_1_50' title="bbox 651 3083 2245 3161; baseline 0.001 -21"><span class='ocrx_word' id='word_1_286' title='bbox 651 3083 1038 3156; x_wconf 82' lang='lat' dir='ltr'><strong>praesentium</strong></span> <span class='ocrx_word' id='word_1_287' title='bbox 1073 3127 1090 3154; x_wconf 92' lang='lat'><strong>,</strong></span> <span class='ocrx_word' id='word_1_288' title='bbox 1137 3085 1333 3144; x_wconf 82' lang='lat' dir='ltr'><strong>etiam·</strong></span> <span class='ocrx_word' id='word_1_289' title='bbox 1403 3091 1699 3161; x_wconf 82' lang='lat' dir='ltr'><strong>perpetuo</strong></span> <span class='ocrx_word' id='word_1_290' title='bbox 1764 3087 2131 3146; x_wconf 85' lang='lat' dir='ltr'><strong>concedimus</strong></span> <span class='ocrx_word' id='word_1_291' title='bbox 2188 3089 2245 3136; x_wconf 82' lang='lat' dir='ltr'><strong>et</strong></span> 
     </span>
     <span class='ocr_line' id='line_1_51' title="bbox 653 3159 2235 3236; baseline -0.003 -20"><span class='ocrx_word' id='word_1_292' title='bbox 653 3159 1075 3234; x_wconf 84' lang='lat' dir='ltr'><strong>indulgemus,</strong></span> <span class='ocrx_word' id='word_1_293' title='bbox 1115 3159 1515 3236; x_wconf 83' lang='lat' dir='ltr'><strong>plenamque,</strong></span> <span class='ocrx_word' id='word_1_294' title='bbox 1558 3161 1814 3221; x_wconf 82' lang='lat' dir='ltr'><strong>liberam</strong></span> <span class='ocrx_word' id='word_1_295' title='bbox 1838 3209 1853 3233; x_wconf 95' lang='lat'><strong>,</strong></span> <span class='ocrx_word' id='word_1_296' title='bbox 1894 3174 1953 3221; x_wconf 89' lang='lat' dir='ltr'><strong>et</strong></span> <span class='ocrx_word' id='word_1_297' title='bbox 1976 3160 2235 3219; x_wconf 86' lang='lat' dir='ltr'><strong>omnimo·</strong></span> 
     </span>
     <span class='ocr_line' id='line_1_52' title="bbox 651 3233 2237 3314; baseline 0.003 -22"><span class='ocrx_word' id='word_1_298' title='bbox 651 3233 794 3294; x_wconf 86' lang='lat' dir='ltr'><strong>dam</strong></span> <span class='ocrx_word' id='word_1_299' title='bbox 845 3233 1196 3295; x_wconf 79' lang='lat' dir='ltr'><strong>facultatem</strong></span> <span class='ocrx_word' id='word_1_300' title='bbox 1244 3248 1305 3295; x_wconf 91' lang='lat' dir='ltr'><strong>et</strong></span> <span class='ocrx_word' id='word_1_301' title='bbox 1354 3240 1779 3297; x_wconf 83' lang='lat' dir='ltr'><strong>auctoritatem</strong></span> <span class='ocrx_word' id='word_1_302' title='bbox 1837 3237 2190 3314; x_wconf 80' lang='lat' dir='ltr'><strong>impertimur</strong></span> <span class='ocrx_word' id='word_1_303' title='bbox 2220 3273 2237 3296; x_wconf 62' lang='grc' dir='ltr'>ι</span> 
     </span>
     <span class='ocr_line' id='line_1_53' title="bbox 651 3311 2239 3454; baseline -0.001 -84"><span class='ocrx_word' id='word_1_304' title='bbox 651 3330 1033 3454; x_wconf 58' lang='lat' dir='ltr'><strong>qgacumque</strong></span> <span class='ocrx_word' id='word_1_305' title='bbox 1059 3314 1118 3371; x_wconf 91' lang='lat' dir='ltr'><strong>in</strong></span> <span class='ocrx_word' id='word_1_306' title='bbox 1152 3315 1531 3374; x_wconf 79' lang='lat' dir='ltr'><strong>contrarium</strong></span> <span class='ocrx_word' id='word_1_307' title='bbox 1556 3314 1993 3388; x_wconf 80' lang='lat' dir='ltr'><strong>cousuetudine</strong></span> <span class='ocrx_word' id='word_1_308' title='bbox 2024 3311 2239 3384; x_wconf 70' lang='lat' dir='ltr'><strong>minime</strong></span> 
     </span>
     <span class='ocr_line' id='line_1_54' title="bbox 651 3393 948 3454; baseline 0.003 -9"><span class='ocrx_word' id='word_1_309' title='bbox 651 3407 686 3454; x_wconf 80' lang='lat' dir='ltr'><strong>o</strong></span> <span class='ocrx_word' id='word_1_310' title='bbox 731 3393 948 3452; x_wconf 72' lang='lat' dir='ltr'><strong>‘stante-</strong></span> 
     </span>
    </p>
   </div>
   <div class='ocr_carea' id='block_1_6' title="bbox 2392 1 2399 1552">
    <p class='ocr_par' dir='ltr' id='par_1_6' title="bbox 2392 1 2399 1552">
     <span class='ocr_line' id='line_1_55' title="bbox 2392 1 2399 1552; baseline 0 0"><span class='ocrx_word' id='word_1_311' title='bbox 2392 1 2399 1552; x_wconf 95' lang='lat' dir='ltr'><strong> </strong></span> 
     </span>
    </p>
   </div>
  </div>
 </body>
</html>
