2434 3992
724 162 1175 229 summum.
1688 166 1770 254 95

159 276 276 339 sive
294 283 660 351 perpetuum
680 316 695 340 ‚
722 274 849 335 sive
872 272 951 335 ad
981 284 1219 351 tempus
1251 292 1616 333 eoncessum
1645 290 1774 334 non
1829 287 1871 335 A
1899 302 1928 335 x«
1953 302 1983 335 ιε
2008 299 2040 337 o

160 354 467 430 reperitur,
512 370 627 409 nec
656 350 958 411 sufficiens
994 353 1314 415 mimarum
1351 368 1646 411 numerus
1677 372 1772 411 ce.
1870 352 2013 421 1743.

160 427 435 503 lebratur,
474 425 693 489 Altare
740 427 1201 505 Privilegiatum
1244 449 1361 507 pro
1389 448 1518 489 uno
1563 427 1662 489 die
1705 431 1808 489 in·

158 506 547 579 hebdomada,
584 526 698 583 per
750 505 1155 566 ordinarium
1199 504 1316 565 loci
1362 504 1772 583 designando,

157 584 221 644 ad
273 586 504 661 viginti'
532 586 809 662 quinque
860 605 1053 643 annos
1098 584 1419 644 concedas.
1476 590 1771 661 Insuper,

154 659 526 725 Patriarchali
545 661 795 737 quidem
822 660 1096 723 Ecclesiae
1120 660 1430 723 Plenan‘as
1447 660 1774 739 Indulgen-

154 740 253 798 tias
265 750 588 817 perpetuas
604 780 621 809 ‚
649 739 999 803 revocando
1026 738 1205 813 aliia,
1227 742 1357 801 sive
1381 738 1460 799 ad
1496 750 1736 817 tempus
1753 786 1770 814 ,

45 838 47 841 ’
152 817 261 878 sive
288 819 355 877 in
393 827 764 893 perpetuum
804 828 1150 891 concessam,
1192 828 1415 894 quater
1454 818 1520 875 in
1568 838 1736 877 anno
1755 863 1772 892 ,

154 892 261 953 aliis
282 914 431 957 vero
452 891 933 955 cathedralibus
966 894 1063 955 bis
1087 896 1150 954 in
1180 916 1258 954 an
1268 914 1347 954 no
1364 937 1380 958 ‚
1414 913 1528 970 per
1548 914 1770 955 unum-

154 992 431 1049 quemque
450 970 935 1033 Cbristifidelem
960 1018 977 1048 ,
1012 974 1272 1033 servatis
1296 970 1612 1039 servandis
1629 1018 1646 1047 ,
1678 970 1770 1033 lu-

154 1049 563 1125 crifaciendaS,
612 1052 848 1128 pariter
887 1050 1185 1111 concedas
1206 1094 1222 1123 ,
1271 1060 1335 1110 et
1358 1047 1717 1125 indulgeas„

206 1158 257 1239 S.
303 1178 395 1219 12.
438 1162 725 1237 Denique
760 1170 939 1221 tuum
972 1162 1093 1223 erit
1126 1163 1191 1221 in
1236 1161 1453 1239 primis
1491 1160 1652 1223 nihil
1689 1162 1776 1221 in·
1795 1152 1938 1205 Idem
1959 1153 2073 1207 0⁰¹²

152 1248 439 1299 tentatum
496 1233 902 1317 relinquere,·
936 1239 1100 1317 quod
1158 1238 1238 1299 ad
1291 1260 1506 1301 veram
1563 1238 1776 1299 frater·
1797 1221 2009 1300 tenden-

152 1335 393 1394 namque
451 1317 775 1387 caritatem
795 1362 813 1389 ,
859 1338 983 1395 qua
1035 1316 1211 1376 decet
1266 1319 1590 1395 Episcopos
1643 1337 1772 1377 sese
1797 1296 2072 1407 numu-'f‘

152 1404 343 1454 mutuo
378 1390 736 1470 complecti,
771 1404 834 1453 et
872 1392 1234 1467 confovere,
1269 1406 1343 1454 ut
1371 1392 1614 1472 populis
1653 1393 1770 1455 sibi
1791 1372 1927 1475 ἓξὲξ
1955 1374 2072 1491 ἑὲρ,

149 1472 461 1531 commissis
492 1468 769 1549 exemplo
794 1473 955 1546 sint,
982 1482 1170 1551 atque
1202 1473 1641 1547 incitamento,
1685 1474 1772 1533 in-
1795 1508 1902 1543 mm
1943 1492 2070 1545 dare

148 1556 227 1607 ter
260 1560 633 1609 memoratos
668 1559 1000 1626 praetensos
1035 1548 1278 1609 Eiectos
1311 1548 1508 1610 Eliam
1542 1553 1768 1610 Arcen.
1793 1562 2024 1627 jubetur.

148 1634 197 1683 et
244 1626 505 1688 Tobiam
572 1624 619 1683 N
626 1624 909 1704 apolosiae
972 1626 1474 1705 Archiepiscopos
1533 1626 1772 1704 glutino

148 1701 357 1765 Christi
391 1708 729 1764 Pastorum·
764 1706 1061 1781 Principis
1108 1703 1590 1778 conciliandam,
1637 1725 1776 1765 con.

146 1779 618 1859 firmandamque
654 1782 998 1843 conducere
1018 1783 1209 1859 possit
1236 1802 1254 1841 ε
1287 1786 1408 1843 Nos
1437 1783 1603 1841 enim
1631 1781 1774 1841 Tibi

146 1876 335 1921 omnes
355 1906 373 1934 ,
402 1871 479 1919 ut
505 1862 937 1936 praemittitur,
963 1857 1284 1921 facultates
1314 1861 1380 1920 in
1405 1859 1522 1921 hac
1547 1878 1616 1919 re
1647 1878 1776 1935 gra·

145 1936 369 1997 vissima
410 1937 795 2015 peragenda,
830 1948 913 2001 et,
939 1936 1320 2000 conficienda
1373 1938 1803 2011 necessarias,'

145 2023 198 2072 et
226 2025 609 2093 opportunas
640 2013 1007 2088 tribuimus,
1057 2026 1121 2076 et
1170 2016 1589 2095 impertimur.
1637 2018 1775 2075 Non

145 2088 519 2155 obstantibus
550 2095 623 2152 iis
655 2092 978 2167 omnibuS,
1004 2110 1139 2171 quae
1165 2095 1231 2152 in
1265 2093 1638 2172 praeinsertis
1672 2112 1776 2152 no,-

142 2169 266 2229 stris
316 2171 537 2235 Literis
590 2169 854 2231 diximus
902 2192 1029 2230 non
1083 2172 1330 2255 obstare
1349 2216 1366 2247 ,
1405 2170 1774 2251 ,caeterisque

142 2247 457 2308 contr'ariis
488 2246 1003 2326 quibuscumque.

204 2363 257 2446 S.
294 2367 388 2428 13.
431 2372 741 2429 Caeterum
766 2408 785 2433 ‚
820 2366 1056 2429 Dilecte
1096 2365 1252 2440 Fili,
1289 2370 1375 2425 Te
1404 2368 1630 2437 iterum
1653 2386 1767 2441 ,roe
1877 2361 1966 2441 Et·
2003 2362 2076 2415 δᾶ

135 2460 336 2515 gamus
358 2492 373 2521 ,
405 2455 471 2505 et
499 2447 565 2505 in
592 2447 858 2506 Domino
896 2446 1255 2519 hortamur,
1282 2454 1355 2511 ut
1385 2446 1543 2505 serio
1563 2446 1771 2505 animo
1792 2446 2056 2513 Pfae¹¹5¹¹⁵⁸⁸

135 2522 557 2598 considerans,
606 2533 670 2583 et
706 2544 889 2601 quam
929 2522 1127 2583 ardua
1162 2524 1242 2581 sit
1277 2522 1596 2597 provincia
1631 2522 1774 2583 Tibi
1793 2514 1968 2616 Ἕω*
1995 2514 2072 2613 g·

132 2602 447 2663 commissa
467 2647 485 2675 ‚
526 2612 591 2661 et
633 2621 819 2678 quam
859 2600 1076 2679 amplae
1106 2594 1430 2659 facultates
1483 2598 1561 2659 ad
1605 2598 1773 2659 illam
1794 2574 2074 2699 {audirem

132 2674 389 2739 alacrius
456 2678 837 2753 adeundam,
905 2689 967 2739 et
1014 2676 1252 2740 felicius
1307 2673 1726 2753 explicandam
1755 2700 2041 2753 wimar„

128 2756 741 2835 componendamque
755 2756 1090 2834 attributae,
1106 2755 1314 2817 omnia
1327 2754 1547 2821 studia,
1565 2774 1777 2815 omnes

125 2847 423 2907 conatuS,
466 2846 529 2895 et
560 2837 723 2896 vires
749 2835 1035 2896 intendas
1054 2878 1069 2906 ‚
1096 2855 1224 2895 non
1258 2842 1332 2893 ut
1357 2830 1779 2911 Apostolicam
1883 2866 1890 2875 ·

122 2922 375 2973 tantum
396 2910 845 2990 benignitatem
868 2924 1142 2975 nostram
1168 2910 1306 2972 Tibi
1329 2910 1738 2990 promerearis
1757 2956 1774 2985 ‚

118 2989 225 3051 sed
264 3002 342 3051 ut
380 3000 675 3051 aeternam
718 2991 903 3051 etiam
943 2994 1013 3051 in
1042 2989 1209 3051 coelis
1251 2990 1582 3066 repositam
1613 3008 1772 3049 mer-

118 3068 339 3129 cedem
365 3090 402 3128 a
440 3068 753 3143 bonorum
796 3070 1075 3129 omnium
1114 3076 1586 3129 remuneratore
1609 3070 1773 3136 Deo,

114 3166 313 3225 quem
357 3167 557 3207 unum
589 3166 717 3223 prae
748 3145 939 3207 oculis
966 3146 1195 3207 habere
1234 3144 1450 3218 debeS,
1484 3145 1775 3223 consequi

112 3222 346 3300 possis,
390 3235 455 3284 et
481 3220 709 3286 valeaS.
749 3228 873 3285 Nos
898 3224 1181 3300 interim,
1219 3222 1298 3282 ad
1337 3222 1613 3300 prosperi
1638 3242 1770 3283 suc-

110 3323 329 3364 cessus
371 3304 709 3380 auspicium
730 3348 744 3374 ,
780 3302 919 3363 Tibi
944 3301 1361 3380 Apostolicam
1395 3298 1770 3362 Benedictio-

110 3402 259 3443 nem
287 3427 309 3457 ‚
371 3400 565 3457 quam
612 3384 838 3441 Nostro
876 3384 1130 3442 nomine
1186 3382 1488 3441 u'niversae
1528 3380 1773 3439 Nationi

110 3461 436 3535 mandatis
492 3458 619 3519 tuis
672 3455 1165 3547 obtemperanti,
1230 3468 1460 3545 tuaque
1505 3454 1773 3517 salubria
