<?xml version="1.0" encoding="UTF-8"?>
<!DOCTYPE html PUBLIC "-//W3C//DTD XHTML 1.0 Transitional//EN"
    "http://www.w3.org/TR/xhtml1/DTD/xhtml1-transitional.dtd">
<html xmlns="http://www.w3.org/1999/xhtml" xml:lang="en" lang="en">
 <head>
  <title>
</title>
<meta http-equiv="Content-Type" content="text/html;charset=utf-8" />
  <meta name='ocr-system' content='tesseract 3.04.00' />
  <meta name='ocr-capabilities' content='ocr_page ocr_carea ocr_par ocr_line ocrx_word'/>
</head>
<body>
  <div class='ocr_page' id='page_1' title='image "benedictipapaex02xivgoog_0377.png"; bbox 0 0 2434 3992; ppageno 0'>
   <div class='ocr_carea' id='block_1_1' title="bbox 667 145 1769 220">
    <p class='ocr_par' dir='ltr' id='par_1_1' title="bbox 667 145 1769 220">
     <span class='ocr_line' id='line_1_1' title="bbox 667 145 1769 220; baseline 0.007 -10"><span class='ocrx_word' id='word_1_1' title='bbox 667 159 674 164; x_wconf 87' lang='lat'>·</span> <span class='ocrx_word' id='word_1_2' title='bbox 705 145 827 212; x_wconf 82' lang='lat' dir='ltr'><strong>Bm</strong></span> <span class='ocrx_word' id='word_1_3' title='bbox 848 165 1152 216; x_wconf 70' lang='lat' dir='ltr'><strong>Lunum.</strong></span> <span class='ocrx_word' id='word_1_4' title='bbox 1616 151 1739 220; x_wconf 77' lang='lat'><strong>535</strong></span> <span class='ocrx_word' id='word_1_5' title='bbox 1764 213 1769 218; x_wconf 86' lang='lat'>.</span> 
     </span>
    </p>
   </div>
   <div class='ocr_carea' id='block_1_2' title="bbox 148 247 2005 336">
    <p class='ocr_par' dir='ltr' id='par_1_2' title="bbox 148 247 2005 336">
     <span class='ocr_line' id='line_1_2' title="bbox 148 247 2005 336; baseline 0.006 -25"><span class='ocrx_word' id='word_1_6' title='bbox 148 247 581 325; x_wconf 77' lang='lat' dir='ltr'><strong>confirmamus,</strong></span> <span class='ocrx_word' id='word_1_7' title='bbox 612 273 682 314; x_wconf 80' lang='lat' dir='ltr'><strong>ac</strong></span> <span class='ocrx_word' id='word_1_8' title='bbox 737 253 814 314; x_wconf 90' lang='lat' dir='ltr'><strong>de</strong></span> <span class='ocrx_word' id='word_1_9' title='bbox 849 275 1012 316; x_wconf 86' lang='lat' dir='ltr'><strong>novo</strong></span> <span class='ocrx_word' id='word_1_10' title='bbox 1061 253 1450 334; x_wconf 80' lang='lat' dir='ltr'><strong>indulgemus</strong></span> <span class='ocrx_word' id='word_1_11' title='bbox 1486 302 1503 331; x_wconf 90' lang='lat'><strong>,</strong></span> <span class='ocrx_word' id='word_1_12' title='bbox 1553 268 1741 336; x_wconf 79' lang='lat' dir='ltr'><strong>atque</strong></span> <span class='ocrx_word' id='word_1_13' title='bbox 1795 273 2005 332; x_wconf 67' lang='lat' dir='ltr'><strong>Anco</strong></span> 
     </span>
    </p>
   </div>
   <div class='ocr_carea' id='block_1_3' title="bbox 148 329 521 482">
    <p class='ocr_par' dir='ltr' id='par_1_3' title="bbox 148 329 521 482">
     <span class='ocr_line' id='line_1_3' title="bbox 148 329 521 482; baseline 0 -94"><span class='ocrx_word' id='word_1_14' title='bbox 148 329 521 482; x_wconf 49' lang='lat' dir='ltr'><strong>imgaertimur.</strong></span> 
     </span>
    </p>
   </div>
   <div class='ocr_carea' id='block_1_4' title="bbox 1830 338 1980 408">
    <p class='ocr_par' dir='ltr' id='par_1_4' title="bbox 1830 338 1980 408">
     <span class='ocr_line' id='line_1_4' title="bbox 1830 338 1980 408; baseline -0.013 0"><span class='ocrx_word' id='word_1_15' title='bbox 1830 338 1980 408; x_wconf 77' lang='lat'>1744·</span> 
     </span>
    </p>
   </div>
   <div class='ocr_carea' id='block_1_5' title="bbox 144 402 2039 565">
    <p class='ocr_par' dir='ltr' id='par_1_5' title="bbox 144 402 2039 565">
     <span class='ocr_line' id='line_1_5' title="bbox 281 402 2039 487; baseline 0.006 -24"><span class='ocrx_word' id='word_1_16' title='bbox 281 402 337 463; x_wconf 89' lang='lat'><strong>5.</strong></span> <span class='ocrx_word' id='word_1_17' title='bbox 381 409 788 467; x_wconf 87' lang='lat' dir='ltr'><strong>Decernentes</strong></span> <span class='ocrx_word' id='word_1_18' title='bbox 811 408 929 479; x_wconf 90' lang='lat' dir='ltr'><strong>sic,</strong></span> <span class='ocrx_word' id='word_1_19' title='bbox 985 418 1049 468; x_wconf 87' lang='lat' dir='ltr'><strong>et</strong></span> <span class='ocrx_word' id='word_1_20' title='bbox 1092 429 1219 470; x_wconf 90' lang='lat' dir='ltr'><strong>non</strong></span> <span class='ocrx_word' id='word_1_21' title='bbox 1268 408 1449 470; x_wconf 81' lang='lat' dir='ltr'><strong>aliter</strong></span> <span class='ocrx_word' id='word_1_22' title='bbox 1480 410 1543 472; x_wconf 91' lang='lat' dir='ltr'><strong>in</strong></span> <span class='ocrx_word' id='word_1_23' title='bbox 1581 431 1732 487; x_wconf 80' lang='lat' dir='ltr'><strong>prae·</strong></span> <span class='ocrx_word' id='word_1_24' title='bbox 1756 425 2039 480; x_wconf 70' lang='lat' dir='ltr'><strong>Decretum</strong></span> 
     </span>
     <span class='ocr_line' id='line_1_6' title="bbox 144 481 1988 565; baseline 0.001 -26"><span class='ocrx_word' id='word_1_25' title='bbox 144 481 256 540; x_wconf 82' lang='lat' dir='ltr'><strong>fatis</strong></span> <span class='ocrx_word' id='word_1_26' title='bbox 290 481 604 555; x_wconf 87' lang='lat' dir='ltr'><strong>omnibus,</strong></span> <span class='ocrx_word' id='word_1_27' title='bbox 631 493 694 541; x_wconf 89' lang='lat' dir='ltr'><strong>et</strong></span> <span class='ocrx_word' id='word_1_28' title='bbox 733 482 983 560; x_wconf 83' lang='lat' dir='ltr'><strong>singulis</strong></span> <span class='ocrx_word' id='word_1_29' title='bbox 1013 486 1247 546; x_wconf 87' lang='lat' dir='ltr'><strong>censeri</strong></span> <span class='ocrx_word' id='word_1_30' title='bbox 1274 525 1291 560; x_wconf 63' lang='lat'>9</span> <span class='ocrx_word' id='word_1_31' title='bbox 1324 507 1395 546; x_wconf 81' lang='lat' dir='ltr'><strong>nc</strong></span> <span class='ocrx_word' id='word_1_32' title='bbox 1421 505 1531 564; x_wconf 83' lang='lat' dir='ltr'><strong>per</strong></span> <span class='ocrx_word' id='word_1_33' title='bbox 1562 508 1737 565; x_wconf 80' lang='lat' dir='ltr'><strong>quos-</strong></span> <span class='ocrx_word' id='word_1_34' title='bbox 1756 491 1988 544; x_wconf 69' lang='lat' dir='ltr'><strong>irritam.</strong></span> 
     </span>
    </p>
   </div>
   <div class='ocr_carea' id='block_1_6' title="bbox 141 559 1735 868">
    <p class='ocr_par' dir='ltr' id='par_1_6' title="bbox 141 559 1735 868">
     <span class='ocr_line' id='line_1_7' title="bbox 144 559 1735 639; baseline 0.006 -23"><span class='ocrx_word' id='word_1_35' title='bbox 144 575 370 632; x_wconf 78' lang='lat' dir='ltr'><strong>cumque</strong></span> <span class='ocrx_word' id='word_1_36' title='bbox 393 559 634 618; x_wconf 85' lang='lat' dir='ltr'><strong>Judices</strong></span> <span class='ocrx_word' id='word_1_37' title='bbox 663 559 1057 634; x_wconf 80' lang='lat' dir='ltr'><strong>Ordinarios‚</strong></span> <span class='ocrx_word' id='word_1_38' title='bbox 1078 571 1142 624; x_wconf 84' lang='lat' dir='ltr'><strong>et</strong></span> <span class='ocrx_word' id='word_1_39' title='bbox 1171 561 1488 639; x_wconf 78' lang='lat' dir='ltr'><strong>Delegatos</strong></span> <span class='ocrx_word' id='word_1_40' title='bbox 1505 610 1521 638; x_wconf 92' lang='lat'><strong>‚</strong></span> <span class='ocrx_word' id='word_1_41' title='bbox 1548 566 1735 625; x_wconf 79' lang='lat' dir='ltr'><strong>etiam</strong></span> 
     </span>
     <span class='ocr_line' id='line_1_8' title="bbox 145 634 1731 712; baseline 0.004 -16"><span class='ocrx_word' id='word_1_42' title='bbox 145 637 442 696; x_wconf 81' lang='lat' dir='ltr'>Causarum</span> <span class='ocrx_word' id='word_1_43' title='bbox 481 634 694 696; x_wconf 80' lang='lat' dir='ltr'><strong>Palatii</strong></span> <span class='ocrx_word' id='word_1_44' title='bbox 738 635 1072 712; x_wconf 79' lang='lat' dir='ltr'><strong>Apostolici</strong></span> <span class='ocrx_word' id='word_1_45' title='bbox 1113 639 1471 710; x_wconf 79' lang='lat' dir='ltr'><strong>Auditores‚</strong></span> <span class='ocrx_word' id='word_1_46' title='bbox 1518 661 1589 700; x_wconf 84' lang='lat' dir='ltr'><strong>ac</strong></span> <span class='ocrx_word' id='word_1_47' title='bbox 1622 661 1731 702; x_wconf 91' lang='lat' dir='ltr'><strong>no-</strong></span> 
     </span>
     <span class='ocr_line' id='line_1_9' title="bbox 142 711 1734 792; baseline 0.006 -25"><span class='ocrx_word' id='word_1_48' title='bbox 142 718 297 769; x_wconf 80' lang='lat' dir='ltr'><strong>stram</strong></span> <span class='ocrx_word' id='word_1_49' title='bbox 326 715 648 774; x_wconf 79' lang='lat' dir='ltr'><strong>cameram</strong></span> <span class='ocrx_word' id='word_1_50' title='bbox 681 711 1096 788; x_wconf 80' lang='lat' dir='ltr'><strong>Apostolicam</strong></span> <span class='ocrx_word' id='word_1_51' title='bbox 1115 759 1131 788; x_wconf 94' lang='lat'>‚</span> <span class='ocrx_word' id='word_1_52' title='bbox 1163 721 1413 792; x_wconf 78' lang='lat' dir='ltr'><strong>eiusque</strong></span> <span class='ocrx_word' id='word_1_53' title='bbox 1433 715 1734 778; x_wconf 78' lang='lat' dir='ltr'><strong>Officiales</strong></span> 
     </span>
     <span class='ocr_line' id='line_1_10' title="bbox 141 787 1734 868; baseline 0.005 -22"><span class='ocrx_word' id='word_1_54' title='bbox 141 787 678 866; x_wconf 80' lang='lat' dir='ltr'><strong>quomodocumque</strong></span> <span class='ocrx_word' id='word_1_55' title='bbox 719 799 1134 866; x_wconf 78' lang='lat' dir='ltr'><strong>nuncupatos,</strong></span> <span class='ocrx_word' id='word_1_56' title='bbox 1164 803 1228 852; x_wconf 89' lang='lat' dir='ltr'><strong>et</strong></span> <span class='ocrx_word' id='word_1_57' title='bbox 1264 791 1535 868; x_wconf 82' lang='lat' dir='ltr'><strong>eiusdem</strong></span> <span class='ocrx_word' id='word_1_58' title='bbox 1582 795 1734 854; x_wconf 83' lang='lat' dir='ltr'><strong>San-</strong></span> 
     </span>
    </p>
   </div>
   <div class='ocr_carea' id='block_1_7' title="bbox 141 863 1823 940">
    <p class='ocr_par' dir='ltr' id='par_1_7' title="bbox 141 863 1823 940">
     <span class='ocr_line' id='line_1_11' title="bbox 141 863 1823 940; baseline 0.006 -19"><span class='ocrx_word' id='word_1_59' title='bbox 141 873 224 922; x_wconf 82' lang='lat' dir='ltr'><strong>ctae</strong></span> <span class='ocrx_word' id='word_1_60' title='bbox 253 868 536 929; x_wconf 81' lang='lat' dir='ltr'><strong>Romanae</strong></span> <span class='ocrx_word' id='word_1_61' title='bbox 563 863 840 930; x_wconf 83' lang='lat' dir='ltr'><strong>Ecclesiae</strong></span> <span class='ocrx_word' id='word_1_62' title='bbox 873 865 1231 928; x_wconf 79' lang='lat' dir='ltr'><strong>Cardinales</strong></span> <span class='ocrx_word' id='word_1_63' title='bbox 1251 913 1267 940; x_wconf 97' lang='lat'>‚</span> <span class='ocrx_word' id='word_1_64' title='bbox 1303 870 1491 928; x_wconf 86' lang='lat' dir='ltr'><strong>etiam</strong></span> <span class='ocrx_word' id='word_1_65' title='bbox 1520 865 1599 926; x_wconf 91' lang='lat' dir='ltr'><strong>de</strong></span> <span class='ocrx_word' id='word_1_66' title='bbox 1632 873 1735 930; x_wconf 78' lang='lat' dir='ltr'><strong>La·</strong></span> <span class='ocrx_word' id='word_1_67' title='bbox 1810 893 1823 910; x_wconf 88' lang='lat'><strong>·</strong></span> 
     </span>
    </p>
   </div>
   <div class='ocr_carea' id='block_1_8' title="bbox 135 939 1736 1554">
    <p class='ocr_par' dir='ltr' id='par_1_8' title="bbox 135 939 1736 1554">
     <span class='ocr_line' id='line_1_12' title="bbox 142 939 1731 1019; baseline 0.004 -22"><span class='ocrx_word' id='word_1_68' title='bbox 142 949 244 1005; x_wconf 69' lang='lat' dir='ltr'><strong>tero</strong></span> <span class='ocrx_word' id='word_1_69' title='bbox 280 939 526 1016; x_wconf 77' lang='lat' dir='ltr'><strong>Legatos</strong></span> <span class='ocrx_word' id='word_1_70' title='bbox 554 987 572 1016; x_wconf 91' lang='lat'>‚</span> <span class='ocrx_word' id='word_1_71' title='bbox 595 943 935 1019; x_wconf 81' lang='lat' dir='ltr'><strong>praesertim</strong></span> <span class='ocrx_word' id='word_1_72' title='bbox 961 947 1175 1005; x_wconf 82' lang='lat' dir='ltr'><strong>Status</strong></span> <span class='ocrx_word' id='word_1_73' title='bbox 1205 945 1413 1004; x_wconf 82' lang='lat' dir='ltr'><strong>Nostri</strong></span> <span class='ocrx_word' id='word_1_74' title='bbox 1454 942 1677 1004; x_wconf 89' lang='lat' dir='ltr'><strong>Urbini</strong></span> <span class='ocrx_word' id='word_1_75' title='bbox 1713 991 1731 1019; x_wconf 86' lang='lat'>‚</span> 
     </span>
     <span class='ocr_line' id='line_1_13' title="bbox 141 1017 1736 1099; baseline 0.006 -26"><span class='ocrx_word' id='word_1_76' title='bbox 141 1024 187 1074; x_wconf 86' lang='lat' dir='ltr'><strong>et</strong></span> <span class='ocrx_word' id='word_1_77' title='bbox 209 1020 437 1094; x_wconf 80' lang='lat' dir='ltr'><strong>quosvis</strong></span> <span class='ocrx_word' id='word_1_78' title='bbox 463 1017 618 1079; x_wconf 79' lang='lat' dir='ltr'><strong>alios</strong></span> <span class='ocrx_word' id='word_1_79' title='bbox 653 1039 1039 1099; x_wconf 77' lang='lat' dir='ltr'><strong>quacumque</strong></span> <span class='ocrx_word' id='word_1_80' title='bbox 1082 1023 1452 1082; x_wconf 77' lang='lat' dir='ltr'><strong>auctoritate</strong></span> <span class='ocrx_word' id='word_1_81' title='bbox 1482 1019 1736 1097; x_wconf 81' lang='lat' dir='ltr'><strong>fungen-</strong></span> 
     </span>
     <span class='ocr_line' id='line_1_14' title="bbox 140 1094 1732 1172; baseline 0.006 -24"><span class='ocrx_word' id='word_1_82' title='bbox 140 1099 239 1166; x_wconf 82' lang='lat' dir='ltr'><strong>tes,</strong></span> <span class='ocrx_word' id='word_1_83' title='bbox 275 1104 334 1154; x_wconf 88' lang='lat' dir='ltr'><strong>et</strong></span> <span class='ocrx_word' id='word_1_84' title='bbox 359 1094 719 1169; x_wconf 73' lang='lat' dir='ltr'><strong>functurus,</strong></span> <span class='ocrx_word' id='word_1_85' title='bbox 755 1094 999 1156; x_wconf 84' lang='lat' dir='ltr'><strong>sublata</strong></span> <span class='ocrx_word' id='word_1_86' title='bbox 1034 1099 1120 1157; x_wconf 86' lang='lat' dir='ltr'><strong>eis</strong></span> <span class='ocrx_word' id='word_1_87' title='bbox 1140 1143 1158 1172; x_wconf 87' lang='lat'><strong>,</strong></span> <span class='ocrx_word' id='word_1_88' title='bbox 1196 1109 1261 1158; x_wconf 88' lang='lat' dir='ltr'><strong>et</strong></span> <span class='ocrx_word' id='word_1_89' title='bbox 1306 1117 1523 1158; x_wconf 87' lang='lat' dir='ltr'><strong>eorum</strong></span> <span class='ocrx_word' id='word_1_90' title='bbox 1568 1095 1732 1157; x_wconf 85' lang='lat' dir='ltr'><strong>cuili-</strong></span> 
     </span>
     <span class='ocr_line' id='line_1_15' title="bbox 137 1165 1733 1252; baseline 0.003 -25"><span class='ocrx_word' id='word_1_91' title='bbox 137 1165 219 1228; x_wconf 81' lang='lat' dir='ltr'><strong>bet</strong></span> <span class='ocrx_word' id='word_1_92' title='bbox 249 1173 457 1247; x_wconf 79' lang='lat' dir='ltr'><strong>quavis</strong></span> <span class='ocrx_word' id='word_1_93' title='bbox 483 1170 662 1232; x_wconf 80' lang='lat' dir='ltr'><strong>aliter</strong></span> <span class='ocrx_word' id='word_1_94' title='bbox 683 1171 997 1250; x_wconf 78' lang='lat' dir='ltr'><strong>judicandi</strong></span> <span class='ocrx_word' id='word_1_95' title='bbox 1015 1217 1032 1244; x_wconf 84' lang='lat'><strong>‚</strong></span> <span class='ocrx_word' id='word_1_96' title='bbox 1067 1183 1132 1232; x_wconf 88' lang='lat' dir='ltr'><strong>et</strong></span> <span class='ocrx_word' id='word_1_97' title='bbox 1162 1172 1614 1252; x_wconf 79' lang='lat' dir='ltr'><strong>interpretandi</strong></span> <span class='ocrx_word' id='word_1_98' title='bbox 1648 1174 1733 1232; x_wconf 84' lang='lat' dir='ltr'><strong>sa·</strong></span> 
     </span>
     <span class='ocr_line' id='line_1_16' title="bbox 136 1243 1731 1326; baseline 0.004 -23"><span class='ocrx_word' id='word_1_99' title='bbox 136 1243 360 1320; x_wconf 82' lang='lat' dir='ltr'><strong>cultate,</strong></span> <span class='ocrx_word' id='word_1_100' title='bbox 403 1259 469 1308; x_wconf 87' lang='lat' dir='ltr'><strong>et</strong></span> <span class='ocrx_word' id='word_1_101' title='bbox 521 1250 886 1314; x_wconf 79' lang='lat' dir='ltr'><strong>auctoritate</strong></span> <span class='ocrx_word' id='word_1_102' title='bbox 911 1294 928 1323; x_wconf 90' lang='lat'>‚</span> <span class='ocrx_word' id='word_1_103' title='bbox 991 1250 1301 1326; x_wconf 75' lang='lat' dir='ltr'><strong>iudicari,</strong></span> <span class='ocrx_word' id='word_1_104' title='bbox 1367 1260 1429 1310; x_wconf 86' lang='lat' dir='ltr'><strong>et</strong></span> <span class='ocrx_word' id='word_1_105' title='bbox 1486 1249 1731 1315; x_wconf 78' lang='lat' dir='ltr'><strong>definiri</strong></span> 
     </span>
     <span class='ocr_line' id='line_1_17' title="bbox 137 1319 1731 1404; baseline 0.008 -26"><span class='ocrx_word' id='word_1_106' title='bbox 137 1319 360 1400; x_wconf 80' lang='lat' dir='ltr'><strong>debere3</strong></span> <span class='ocrx_word' id='word_1_107' title='bbox 401 1335 466 1388; x_wconf 85' lang='lat' dir='ltr'><strong>et</strong></span> <span class='ocrx_word' id='word_1_108' title='bbox 514 1327 762 1386; x_wconf 87' lang='lat' dir='ltr'><strong>irritum</strong></span> <span class='ocrx_word' id='word_1_109' title='bbox 783 1370 800 1398; x_wconf 88' lang='lat'>‚</span> <span class='ocrx_word' id='word_1_110' title='bbox 845 1337 910 1385; x_wconf 85' lang='lat' dir='ltr'><strong>et</strong></span> <span class='ocrx_word' id='word_1_111' title='bbox 951 1327 1134 1390; x_wconf 76' lang='lat' dir='ltr'><strong>inane</strong></span> <span class='ocrx_word' id='word_1_112' title='bbox 1159 1373 1177 1400; x_wconf 88' lang='lat'>‚</span> <span class='ocrx_word' id='word_1_113' title='bbox 1216 1328 1269 1388; x_wconf 87' lang='lat' dir='ltr'><strong>si</strong></span> <span class='ocrx_word' id='word_1_114' title='bbox 1323 1346 1494 1390; x_wconf 78' lang='lat' dir='ltr'><strong>secus</strong></span> <span class='ocrx_word' id='word_1_115' title='bbox 1544 1345 1731 1404; x_wconf 86' lang='lat' dir='ltr'><strong>super</strong></span> 
     </span>
     <span class='ocr_line' id='line_1_18' title="bbox 135 1394 1729 1485; baseline 0.007 -28"><span class='ocrx_word' id='word_1_116' title='bbox 135 1394 202 1485; x_wconf 69' lang='lat' dir='ltr'><strong>liis</strong></span> <span class='ocrx_word' id='word_1_117' title='bbox 225 1419 259 1460; x_wconf 79' lang='lat' dir='ltr'><strong>a</strong></span> <span class='ocrx_word' id='word_1_118' title='bbox 281 1420 596 1480; x_wconf 77' lang='lat' dir='ltr'><strong>quoquam</strong></span> <span class='ocrx_word' id='word_1_119' title='bbox 632 1403 846 1480; x_wconf 81' lang='lat' dir='ltr'><strong>quavis</strong></span> <span class='ocrx_word' id='word_1_120' title='bbox 877 1405 1272 1478; x_wconf 83' lang='lat' dir='ltr'><strong>auctoritate,</strong></span> <span class='ocrx_word' id='word_1_121' title='bbox 1306 1405 1571 1470; x_wconf 77' lang='lat' dir='ltr'><strong>scienter</strong></span> <span class='ocrx_word' id='word_1_122' title='bbox 1588 1447 1605 1476; x_wconf 89' lang='lat'><strong>,</strong></span> <span class='ocrx_word' id='word_1_123' title='bbox 1624 1401 1729 1473; x_wconf 73' lang='lat' dir='ltr'><strong>vel</strong></span> 
     </span>
     <span class='ocr_line' id='line_1_19' title="bbox 135 1481 1179 1554; baseline 0.01 -24"><span class='ocrx_word' id='word_1_124' title='bbox 135 1485 455 1549; x_wconf 78' lang='lat' dir='ltr'><strong>1gnoranter</strong></span> <span class='ocrx_word' id='word_1_125' title='bbox 497 1481 824 1554; x_wconf 82' lang='lat' dir='ltr'><strong>contigerit</strong></span> <span class='ocrx_word' id='word_1_126' title='bbox 864 1482 1179 1542; x_wconf 79' lang='lat' dir='ltr'><strong>attentari.</strong></span> 
     </span>
    </p>
   </div>
   <div class='ocr_carea' id='block_1_9' title="bbox 131 1548 2027 1782">
    <p class='ocr_par' dir='ltr' id='par_1_9' title="bbox 131 1548 2027 1782">
     <span class='ocr_line' id='line_1_20' title="bbox 181 1548 2027 1631; baseline 0 -21"><span class='ocrx_word' id='word_1_127' title='bbox 181 1548 230 1628; x_wconf 71' lang='lat' dir='ltr'><strong>S.</strong></span> <span class='ocrx_word' id='word_1_128' title='bbox 279 1550 340 1612; x_wconf 89' lang='grc'><strong>6.</strong></span> <span class='ocrx_word' id='word_1_129' title='bbox 386 1558 528 1614; x_wconf 85' lang='lat' dir='ltr'><strong>Non</strong></span> <span class='ocrx_word' id='word_1_130' title='bbox 573 1553 964 1614; x_wconf 76' lang='lat' dir='ltr'><strong>obstantibus</strong></span> <span class='ocrx_word' id='word_1_131' title='bbox 1003 1557 1562 1618; x_wconf 77' lang='lat' dir='ltr'><strong>constitutionibus</strong></span> <span class='ocrx_word' id='word_1_132' title='bbox 1590 1605 1606 1631; x_wconf 89' lang='lat'>‚</span> <span class='ocrx_word' id='word_1_133' title='bbox 1661 1569 1725 1620; x_wconf 86' lang='lat' dir='ltr'><strong>et</strong></span> <span class='ocrx_word' id='word_1_134' title='bbox 1761 1555 2027 1612; x_wconf 65' lang='lat' dir='ltr'><strong>clausula</strong></span> 
     </span>
     <span class='ocr_line' id='line_1_21' title="bbox 133 1625 2007 1709; baseline 0.002 -22"><span class='ocrx_word' id='word_1_135' title='bbox 133 1627 615 1689; x_wconf 82' lang='lat' dir='ltr'><strong>Ordinationibus</strong></span> <span class='ocrx_word' id='word_1_136' title='bbox 671 1627 1036 1706; x_wconf 82' lang='lat' dir='ltr'><strong>Apostolicis</strong></span> <span class='ocrx_word' id='word_1_137' title='bbox 1069 1676 1086 1702; x_wconf 85' lang='lat'>‚</span> <span class='ocrx_word' id='word_1_138' title='bbox 1157 1653 1396 1693; x_wconf 81' lang='lat' dir='ltr'><strong>necnon</strong></span> <span class='ocrx_word' id='word_1_139' title='bbox 1468 1635 1723 1709; x_wconf 84' lang='lat' dir='ltr'><strong>Legibus</strong></span> <span class='ocrx_word' id='word_1_140' title='bbox 1742 1625 2007 1704; x_wconf 57' lang='grc' dir='ltr'><strong>ἆὲΐθὸῑὶθ·</strong></span> 
     </span>
     <span class='ocr_line' id='line_1_22' title="bbox 131 1703 1851 1782; baseline -0.01 -24"><span class='ocrx_word' id='word_1_141' title='bbox 131 1703 530 1780; x_wconf 78' lang='lat' dir='ltr'><strong>Imperinlibus</strong></span> <span class='ocrx_word' id='word_1_142' title='bbox 559 1749 575 1774; x_wconf 84' lang='lat'>‚</span> <span class='ocrx_word' id='word_1_143' title='bbox 637 1714 701 1764; x_wconf 84' lang='lat' dir='ltr'><strong>et</strong></span> <span class='ocrx_word' id='word_1_144' title='bbox 760 1705 1231 1780; x_wconf 84' lang='lat' dir='ltr'><strong>Municipalibus</strong></span> <span class='ocrx_word' id='word_1_145' title='bbox 1253 1751 1270 1779; x_wconf 89' lang='lat'>,</span> <span class='ocrx_word' id='word_1_146' title='bbox 1320 1719 1385 1766; x_wconf 74' lang='lat' dir='ltr'><strong>et</strong></span> <span class='ocrx_word' id='word_1_147' title='bbox 1420 1720 1723 1782; x_wconf 59' lang='lat' dir='ltr'><strong>quatenus</strong></span> <span class='ocrx_word' id='word_1_148' title='bbox 1746 1709 1851 1743; x_wconf 66' lang='lat' dir='ltr'><strong>ne.</strong></span> 
     </span>
    </p>
   </div>
   <div class='ocr_carea' id='block_1_10' title="bbox 66 1779 1776 3466">
    <p class='ocr_par' dir='ltr' id='par_1_10' title="bbox 66 1779 1776 3466">
     <span class='ocr_line' id='line_1_23' title="bbox 133 1779 1776 1860; baseline 0.003 -20"><span class='ocrx_word' id='word_1_149' title='bbox 133 1796 248 1854; x_wconf 80' lang='lat' dir='ltr'><strong>opus</strong></span> <span class='ocrx_word' id='word_1_150' title='bbox 283 1783 364 1841; x_wconf 85' lang='lat' dir='ltr'><strong>sit</strong></span> <span class='ocrx_word' id='word_1_151' title='bbox 383 1825 400 1852; x_wconf 88' lang='lat'>‚</span> <span class='ocrx_word' id='word_1_152' title='bbox 438 1786 657 1842; x_wconf 80' lang='lat' dir='ltr'><strong>Nostra</strong></span> <span class='ocrx_word' id='word_1_153' title='bbox 681 1826 697 1853; x_wconf 86' lang='lat'>‚</span> <span class='ocrx_word' id='word_1_154' title='bbox 719 1790 782 1840; x_wconf 87' lang='lat' dir='ltr'><strong>et</strong></span> <span class='ocrx_word' id='word_1_155' title='bbox 825 1779 1219 1842; x_wconf 82' lang='lat' dir='ltr'><strong>Cancellariae</strong></span> <span class='ocrx_word' id='word_1_156' title='bbox 1243 1781 1601 1860; x_wconf 83' lang='lat' dir='ltr'><strong>Apostolicae</strong></span> <span class='ocrx_word' id='word_1_157' title='bbox 1629 1807 1723 1845; x_wconf 84' lang='lat' dir='ltr'><strong>re·</strong></span> <span class='ocrx_word' id='word_1_158' title='bbox 1768 1851 1776 1857; x_wconf 58' lang='grc'><strong>,</strong></span> 
     </span>
     <span class='ocr_line' id='line_1_24' title="bbox 132 1853 1727 1936; baseline 0.005 -23"><span class='ocrx_word' id='word_1_159' title='bbox 132 1853 232 1926; x_wconf 73' lang='lat' dir='ltr'><strong>gula</strong></span> <span class='ocrx_word' id='word_1_160' title='bbox 267 1857 344 1912; x_wconf 84' lang='lat' dir='ltr'><strong>de</strong></span> <span class='ocrx_word' id='word_1_161' title='bbox 346 1861 491 1928; x_wconf 75' lang='lat' dir='ltr'><strong>jure</strong></span> <span class='ocrx_word' id='word_1_162' title='bbox 520 1859 764 1936; x_wconf 77' lang='lat' dir='ltr'><strong>quoesito</strong></span> <span class='ocrx_word' id='word_1_163' title='bbox 795 1875 917 1912; x_wconf 85' lang='lat' dir='ltr'><strong>non</strong></span> <span class='ocrx_word' id='word_1_164' title='bbox 943 1857 1198 1914; x_wconf 79' lang='lat' dir='ltr'><strong>tollendo</strong></span> <span class='ocrx_word' id='word_1_165' title='bbox 1217 1901 1235 1930; x_wconf 88' lang='lat'>‚</span> <span class='ocrx_word' id='word_1_166' title='bbox 1270 1879 1343 1918; x_wconf 81' lang='lat' dir='ltr'><strong>nc</strong></span> <span class='ocrx_word' id='word_1_167' title='bbox 1387 1855 1727 1922; x_wconf 65' lang='lat' dir='ltr'><strong>recolendae</strong></span> 
     </span>
     <span class='ocr_line' id='line_1_25' title="bbox 66 1933 1721 2011; baseline 0.004 -21"><span class='ocrx_word' id='word_1_168' title='bbox 66 1987 68 1990; x_wconf 78' lang='grc'>,</span> <span class='ocrx_word' id='word_1_169' title='bbox 132 1935 404 1994; x_wconf 70' lang='lat' dir='ltr'><strong>memoriae</strong></span> <span class='ocrx_word' id='word_1_170' title='bbox 441 1935 530 1994; x_wconf 94' lang='lat' dir='ltr'><strong>Pii</strong></span> <span class='ocrx_word' id='word_1_171' title='bbox 561 1939 732 2011; x_wconf 82' lang='lat' dir='ltr'><strong>Papae</strong></span> <span class='ocrx_word' id='word_1_172' title='bbox 757 1937 866 1994; x_wconf 83' lang='lat' dir='ltr'><strong>IV.</strong></span> <span class='ocrx_word' id='word_1_173' title='bbox 907 1936 1093 1993; x_wconf 86' lang='lat' dir='ltr'><strong>etiam</strong></span> <span class='ocrx_word' id='word_1_174' title='bbox 1117 1933 1574 1996; x_wconf 81' lang='lat' dir='ltr'><strong>Praedecessoris</strong></span> <span class='ocrx_word' id='word_1_175' title='bbox 1604 1941 1721 1997; x_wconf 87' lang='lat' dir='ltr'><strong>No-</strong></span> 
     </span>
     <span class='ocr_line' id='line_1_26' title="bbox 131 2009 1719 2089; baseline 0.004 -26"><span class='ocrx_word' id='word_1_176' title='bbox 131 2010 212 2068; x_wconf 79' lang='lat' dir='ltr'><strong>stri</strong></span> <span class='ocrx_word' id='word_1_177' title='bbox 241 2012 696 2072; x_wconf 82' lang='lat' dir='ltr'><strong>Constitutione</strong></span> <span class='ocrx_word' id='word_1_178' title='bbox 721 2009 798 2068; x_wconf 92' lang='lat' dir='ltr'><strong>de</strong></span> <span class='ocrx_word' id='word_1_179' title='bbox 833 2009 1503 2089; x_wconf 79' lang='lat' dir='ltr'><strong>gratiisqualecumque</strong></span> <span class='ocrx_word' id='word_1_180' title='bbox 1532 2014 1719 2074; x_wconf 67' lang='lat' dir='ltr'><strong>inter-</strong></span> 
     </span>
     <span class='ocr_line' id='line_1_27' title="bbox 68 2083 1719 2164; baseline 0.005 -20"><span class='ocrx_word' id='word_1_181' title='bbox 68 2139 71 2154; x_wconf 91' lang='grc'>,</span> <span class='ocrx_word' id='word_1_182' title='bbox 133 2100 226 2144; x_wconf 84' lang='lat' dir='ltr'><strong>esse</strong></span> <span class='ocrx_word' id='word_1_183' title='bbox 269 2091 542 2148; x_wconf 79' lang='lat' dir='ltr'><strong>Camerae</strong></span> <span class='ocrx_word' id='word_1_184' title='bbox 575 2083 932 2164; x_wconf 81' lang='lat' dir='ltr'><strong>Apostolicae</strong></span> <span class='ocrx_word' id='word_1_185' title='bbox 957 2087 1471 2148; x_wconf 82' lang='lat' dir='ltr'><strong>concernentibus</strong></span> <span class='ocrx_word' id='word_1_186' title='bbox 1508 2090 1573 2149; x_wconf 92' lang='lat' dir='ltr'><strong>in</strong></span> <span class='ocrx_word' id='word_1_187' title='bbox 1621 2110 1719 2152; x_wconf 81' lang='lat' dir='ltr'><strong>ea·</strong></span> 
     </span>
     <span class='ocr_line' id='line_1_28' title="bbox 132 2156 1721 2241; baseline 0.007 -22"><span class='ocrx_word' id='word_1_188' title='bbox 132 2156 239 2222; x_wconf 84' lang='lat' dir='ltr'><strong>dem</strong></span> <span class='ocrx_word' id='word_1_189' title='bbox 269 2168 528 2226; x_wconf 68' lang='lat' dir='ltr'><strong>Camere</strong></span> <span class='ocrx_word' id='word_1_190' title='bbox 558 2163 1028 2241; x_wconf 79' lang='lat' dir='ltr'><strong>praesentandis,</strong></span> <span class='ocrx_word' id='word_1_191' title='bbox 1059 2174 1122 2222; x_wconf 83' lang='lat' dir='ltr'><strong>et</strong></span> <span class='ocrx_word' id='word_1_192' title='bbox 1156 2165 1553 2240; x_wconf 81' lang='lat' dir='ltr'><strong>registrandis</strong></span> <span class='ocrx_word' id='word_1_193' title='bbox 1577 2211 1594 2240; x_wconf 89' lang='lat'><strong>,</strong></span> <span class='ocrx_word' id='word_1_194' title='bbox 1630 2170 1721 2230; x_wconf 78' lang='lat' dir='ltr'><strong>ita</strong></span> 
     </span>
     <span class='ocr_line' id='line_1_29' title="bbox 132 2240 1719 2312; baseline 0.009 -21"><span class='ocrx_word' id='word_1_195' title='bbox 132 2245 182 2294; x_wconf 88' lang='lat' dir='ltr'><strong>ut</strong></span> <span class='ocrx_word' id='word_1_196' title='bbox 242 2253 515 2303; x_wconf 83' lang='lat' dir='ltr'><strong>raesentes</strong></span> <span class='ocrx_word' id='word_1_197' title='bbox 547 2244 762 2302; x_wconf 83' lang='lat' dir='ltr'><strong>Literae</strong></span> <span class='ocrx_word' id='word_1_198' title='bbox 787 2284 804 2312; x_wconf 90' lang='lat'><strong>‚</strong></span> <span class='ocrx_word' id='word_1_199' title='bbox 844 2240 1080 2299; x_wconf 82' lang='lat' dir='ltr'><strong>etiamsi</strong></span> <span class='ocrx_word' id='word_1_200' title='bbox 1123 2240 1188 2298; x_wconf 89' lang='lat' dir='ltr'><strong>in</strong></span> <span class='ocrx_word' id='word_1_201' title='bbox 1211 2241 1425 2301; x_wconf 85' lang='lat' dir='ltr'><strong>eadem</strong></span> <span class='ocrx_word' id='word_1_202' title='bbox 1458 2247 1719 2307; x_wconf 81' lang='lat' dir='ltr'><strong>Camera</strong></span> 
     </span>
     <span class='ocr_line' id='line_1_30' title="bbox 133 2311 1714 2398; baseline 0.002 -26"><span class='ocrx_word' id='word_1_203' title='bbox 133 2311 268 2376; x_wconf 84' lang='lat' dir='ltr'><strong>nulo</strong></span> <span class='ocrx_word' id='word_1_204' title='bbox 321 2339 597 2397; x_wconf 79' lang='lat' dir='ltr'><strong>unquam</strong></span> <span class='ocrx_word' id='word_1_205' title='bbox 646 2328 924 2393; x_wconf 87' lang='lat' dir='ltr'><strong>tempore</strong></span> <span class='ocrx_word' id='word_1_206' title='bbox 970 2326 1416 2391; x_wconf 75' lang='lat' dir='ltr'><strong>praesententur</strong></span> <span class='ocrx_word' id='word_1_207' title='bbox 1464 2329 1526 2378; x_wconf 88' lang='lat' dir='ltr'><strong>et</strong></span> <span class='ocrx_word' id='word_1_208' title='bbox 1563 2323 1714 2398; x_wconf 81' lang='lat' dir='ltr'><strong>regi.</strong></span> 
     </span>
     <span class='ocr_line' id='line_1_31' title="bbox 130 2389 1717 2469; baseline 0.006 -22"><span class='ocrx_word' id='word_1_209' title='bbox 130 2396 366 2454; x_wconf 83' lang='lat' dir='ltr'><strong>strentur</strong></span> <span class='ocrx_word' id='word_1_210' title='bbox 383 2440 398 2467; x_wconf 88' lang='lat'>‚</span> <span class='ocrx_word' id='word_1_211' title='bbox 417 2394 822 2455; x_wconf 86' lang='lat' dir='ltr'><strong>nihilominus</strong></span> <span class='ocrx_word' id='word_1_212' title='bbox 839 2390 1120 2463; x_wconf 84' lang='lat' dir='ltr'><strong>valeant,</strong></span> <span class='ocrx_word' id='word_1_213' title='bbox 1145 2389 1515 2469; x_wconf 83' lang='lat' dir='ltr'><strong>plenamque</strong></span> <span class='ocrx_word' id='word_1_214' title='bbox 1544 2397 1717 2458; x_wconf 82' lang='lat' dir='ltr'><strong>robo-</strong></span> 
     </span>
     <span class='ocr_line' id='line_1_32' title="bbox 131 2464 1719 2544; baseline 0.004 -25"><span class='ocrx_word' id='word_1_215' title='bbox 131 2464 192 2523; x_wconf 81' lang='lat' dir='ltr'><strong>ris</strong></span> <span class='ocrx_word' id='word_1_216' title='bbox 239 2469 588 2532; x_wconf 84' lang='lat' dir='ltr'><strong>firmitatem</strong></span> <span class='ocrx_word' id='word_1_217' title='bbox 630 2469 952 2531; x_wconf 85' lang='lat' dir='ltr'><strong>obtineant</strong></span> <span class='ocrx_word' id='word_1_218' title='bbox 1001 2489 1019 2528; x_wconf 71' lang='grc' dir='ltr'><strong><em>ε</em></strong></span> <span class='ocrx_word' id='word_1_219' title='bbox 1065 2487 1303 2526; x_wconf 89' lang='lat' dir='ltr'><strong>necnon</strong></span> <span class='ocrx_word' id='word_1_220' title='bbox 1337 2468 1719 2544; x_wconf 78' lang='lat' dir='ltr'><strong>quibuscum.</strong></span> 
     </span>
     <span class='ocr_line' id='line_1_33' title="bbox 129 2543 1714 2626; baseline 0.002 -23"><span class='ocrx_word' id='word_1_221' title='bbox 129 2559 247 2617; x_wconf 73' lang='lat' dir='ltr'><strong>que,</strong></span> <span class='ocrx_word' id='word_1_222' title='bbox 277 2557 335 2607; x_wconf 89' lang='lat' dir='ltr'><strong>et</strong></span> <span class='ocrx_word' id='word_1_223' title='bbox 371 2550 592 2626; x_wconf 82' lang='lat' dir='ltr'><strong>quavis</strong></span> <span class='ocrx_word' id='word_1_224' title='bbox 625 2547 915 2606; x_wconf 78' lang='lat' dir='ltr'><strong>firmitate</strong></span> <span class='ocrx_word' id='word_1_225' title='bbox 946 2543 1066 2604; x_wconf 85' lang='lat' dir='ltr'><strong>alia</strong></span> <span class='ocrx_word' id='word_1_226' title='bbox 1096 2544 1401 2604; x_wconf 84' lang='lat' dir='ltr'><strong>roboratis</strong></span> <span class='ocrx_word' id='word_1_227' title='bbox 1430 2548 1714 2621; x_wconf 79' lang='lat' dir='ltr'><strong>statutis,</strong></span> 
     </span>
     <span class='ocr_line' id='line_1_34' title="bbox 129 2619 1714 2756; baseline 0.002 -76"><span class='ocrx_word' id='word_1_228' title='bbox 129 2626 177 2674; x_wconf 79' lang='lat' dir='ltr'><strong>et</strong></span> <span class='ocrx_word' id='word_1_229' title='bbox 214 2623 750 2686; x_wconf 89' lang='lat' dir='ltr'><strong>consuetudinibus</strong></span> <span class='ocrx_word' id='word_1_230' title='bbox 770 2669 786 2695; x_wconf 89' lang='lat'>‚</span> <span class='ocrx_word' id='word_1_231' title='bbox 818 2619 1151 2756; x_wconf 54' lang='lat' dir='ltr'><strong>privilegli&#39;is</strong></span> <span class='ocrx_word' id='word_1_232' title='bbox 1187 2641 1435 2698; x_wconf 85' lang='lat' dir='ltr'><strong>quoque</strong></span> <span class='ocrx_word' id='word_1_233' title='bbox 1460 2666 1477 2694; x_wconf 89' lang='lat'>‚</span> <span class='ocrx_word' id='word_1_234' title='bbox 1515 2623 1714 2684; x_wconf 89' lang='lat' dir='ltr'><strong>indul·</strong></span> 
     </span>
     <span class='ocr_line' id='line_1_35' title="bbox 129 2693 1715 2777; baseline 0.008 -29"><span class='ocrx_word' id='word_1_235' title='bbox 129 2693 217 2767; x_wconf 82' lang='lat' dir='ltr'><strong>tis,</strong></span> <span class='ocrx_word' id='word_1_236' title='bbox 242 2709 298 2758; x_wconf 87' lang='lat' dir='ltr'><strong>et</strong></span> <span class='ocrx_word' id='word_1_237' title='bbox 320 2703 532 2762; x_wconf 84' lang='lat' dir='ltr'><strong>Literis</strong></span> <span class='ocrx_word' id='word_1_238' title='bbox 567 2696 928 2777; x_wconf 85' lang='lat' dir='ltr'><strong>Apostolicis</strong></span> <span class='ocrx_word' id='word_1_239' title='bbox 955 2699 1060 2776; x_wconf 89' lang='lat' dir='ltr'><strong>qui</strong></span> <span class='ocrx_word' id='word_1_240' title='bbox 1106 2699 1271 2759; x_wconf 83' lang='lat' dir='ltr'><strong>usvis</strong></span> <span class='ocrx_word' id='word_1_241' title='bbox 1312 2700 1587 2774; x_wconf 87' lang='lat' dir='ltr'><strong>personis</strong></span> <span class='ocrx_word' id='word_1_242' title='bbox 1600 2700 1715 2760; x_wconf 90' lang='lat' dir='ltr'><strong>sub</strong></span> 
     </span>
     <span class='ocr_line' id='line_1_36' title="bbox 129 2771 1717 2856; baseline 0.004 -25"><span class='ocrx_word' id='word_1_243' title='bbox 129 2771 576 2856; x_wconf 81' lang='lat' dir='ltr'><strong>quibuscumque</strong></span> <span class='ocrx_word' id='word_1_244' title='bbox 634 2776 950 2838; x_wconf 88' lang='lat' dir='ltr'><strong>tenoribus</strong></span> <span class='ocrx_word' id='word_1_245' title='bbox 976 2821 992 2848; x_wconf 96' lang='lat'>‚</span> <span class='ocrx_word' id='word_1_246' title='bbox 1047 2785 1110 2834; x_wconf 89' lang='lat' dir='ltr'><strong>et</strong></span> <span class='ocrx_word' id='word_1_247' title='bbox 1153 2775 1399 2847; x_wconf 83' lang='lat' dir='ltr'><strong>formis,</strong></span> <span class='ocrx_word' id='word_1_248' title='bbox 1452 2795 1523 2836; x_wconf 81' lang='lat' dir='ltr'><strong>nc</strong></span> <span class='ocrx_word' id='word_1_249' title='bbox 1573 2795 1717 2837; x_wconf 89' lang='lat' dir='ltr'><strong>cum</strong></span> 
     </span>
     <span class='ocr_line' id='line_1_37' title="bbox 127 2847 1713 2932; baseline 0.001 -21"><span class='ocrx_word' id='word_1_250' title='bbox 127 2847 399 2920; x_wconf 78' lang='lat' dir='ltr'><strong>quibusvis</strong></span> <span class='ocrx_word' id='word_1_251' title='bbox 437 2858 627 2916; x_wconf 85' lang='lat' dir='ltr'><strong>etiam</strong></span> <span class='ocrx_word' id='word_1_252' title='bbox 683 2852 1207 2929; x_wconf 80' lang='lat' dir='ltr'><strong>derogatoriarum</strong></span> <span class='ocrx_word' id='word_1_253' title='bbox 1257 2850 1655 2932; x_wconf 80' lang='lat' dir='ltr'><strong>derogatoriis</strong></span> <span class='ocrx_word' id='word_1_254' title='bbox 1696 2900 1713 2928; x_wconf 91' lang='lat'>,</span> 
     </span>
     <span class='ocr_line' id='line_1_38' title="bbox 130 2919 1713 3004; baseline 0.009 -27"><span class='ocrx_word' id='word_1_255' title='bbox 130 2919 341 3004; x_wconf 84' lang='lat' dir='ltr'><strong>aliisque</strong></span> <span class='ocrx_word' id='word_1_256' title='bbox 364 2930 804 2993; x_wconf 85' lang='lat' dir='ltr'><strong>efficacioribus</strong></span> <span class='ocrx_word' id='word_1_257' title='bbox 821 2974 837 3000; x_wconf 84' lang='lat'><em>‚</em></span> <span class='ocrx_word' id='word_1_258' title='bbox 869 2927 1288 2989; x_wconf 80' lang='lat' dir='ltr'><strong>efficacissimis</strong></span> <span class='ocrx_word' id='word_1_259' title='bbox 1309 2975 1325 3002; x_wconf 93' lang='lat'>,</span> <span class='ocrx_word' id='word_1_260' title='bbox 1359 2939 1427 2988; x_wconf 90' lang='lat' dir='ltr'><strong>et</strong></span> <span class='ocrx_word' id='word_1_261' title='bbox 1453 2928 1713 2991; x_wconf 87' lang='lat' dir='ltr'><strong>insolitis</strong></span> 
     </span>
     <span class='ocr_line' id='line_1_39' title="bbox 129 2994 1712 3081; baseline 0.004 -21"><span class='ocrx_word' id='word_1_262' title='bbox 129 2994 404 3081; x_wconf 78' lang='lat' dir='ltr'><strong>clausulis,</strong></span> <span class='ocrx_word' id='word_1_263' title='bbox 448 3006 963 3080; x_wconf 84' lang='lat' dir='ltr'><strong>irritantibusque</strong></span> <span class='ocrx_word' id='word_1_264' title='bbox 989 3053 1006 3081; x_wconf 83' lang='lat'>‚</span> <span class='ocrx_word' id='word_1_265' title='bbox 1066 3016 1129 3064; x_wconf 87' lang='lat' dir='ltr'><strong>et</strong></span> <span class='ocrx_word' id='word_1_266' title='bbox 1174 3002 1307 3064; x_wconf 82' lang='lat' dir='ltr'><strong>aliis</strong></span> <span class='ocrx_word' id='word_1_267' title='bbox 1345 3004 1604 3066; x_wconf 87' lang='lat' dir='ltr'><strong>decretis</strong></span> <span class='ocrx_word' id='word_1_268' title='bbox 1645 3008 1712 3068; x_wconf 87' lang='lat' dir='ltr'><strong>in</strong></span> 
     </span>
     <span class='ocr_line' id='line_1_40' title="bbox 131 3079 1713 3160; baseline -0.002 -13"><span class='ocrx_word' id='word_1_269' title='bbox 131 3092 344 3157; x_wconf 70' lang='lat' dir='ltr'><strong>genere,</strong></span> <span class='ocrx_word' id='word_1_270' title='bbox 378 3083 476 3145; x_wconf 85' lang='lat' dir='ltr'><strong>vel</strong></span> <span class='ocrx_word' id='word_1_271' title='bbox 523 3087 592 3145; x_wconf 90' lang='lat' dir='ltr'><strong>in</strong></span> <span class='ocrx_word' id='word_1_272' title='bbox 629 3085 861 3160; x_wconf 85' lang='lat' dir='ltr'><strong>specie,</strong></span> <span class='ocrx_word' id='word_1_273' title='bbox 913 3101 985 3141; x_wconf 84' lang='lat' dir='ltr'><strong>ac</strong></span> <span class='ocrx_word' id='word_1_274' title='bbox 1024 3079 1172 3140; x_wconf 58' lang='lat' dir='ltr'><strong>alins</strong></span> <span class='ocrx_word' id='word_1_275' title='bbox 1217 3082 1283 3140; x_wconf 90' lang='lat' dir='ltr'><strong>in</strong></span> <span class='ocrx_word' id='word_1_276' title='bbox 1330 3083 1713 3144; x_wconf 75' lang='lat' dir='ltr'><strong>contrarium</strong></span> 
     </span>
     <span class='ocr_line' id='line_1_41' title="bbox 129 3155 1736 3239; baseline 0.002 -27"><span class='ocrx_word' id='word_1_277' title='bbox 129 3160 527 3222; x_wconf 72' lang='lat' dir='ltr'><strong>praemissorum</strong></span> <span class='ocrx_word' id='word_1_278' title='bbox 567 3155 1028 3239; x_wconf 80' lang='lat' dir='ltr'><strong>quomodolibet</strong></span> <span class='ocrx_word' id='word_1_279' title='bbox 1054 3159 1351 3218; x_wconf 87' lang='lat' dir='ltr'><strong>concessis</strong></span> <span class='ocrx_word' id='word_1_280' title='bbox 1378 3205 1394 3232; x_wconf 92' lang='lat'>,</span> <span class='ocrx_word' id='word_1_281' title='bbox 1439 3169 1503 3220; x_wconf 88' lang='lat' dir='ltr'><strong>et</strong></span> <span class='ocrx_word' id='word_1_282' title='bbox 1542 3161 1736 3220; x_wconf 82' lang='lat' dir='ltr'><strong>inno·.</strong></span> 
     </span>
     <span class='ocr_line' id='line_1_42' title="bbox 130 3233 1711 3314; baseline 0.008 -29"><span class='ocrx_word' id='word_1_283' title='bbox 130 3233 255 3290; x_wconf 71' lang='lat' dir='ltr'><strong>vatis</strong></span> <span class='ocrx_word' id='word_1_284' title='bbox 296 3257 312 3294; x_wconf 73' lang='grc' dir='ltr'><strong><em>ε</em></strong></span> <span class='ocrx_word' id='word_1_285' title='bbox 350 3237 584 3314; x_wconf 84' lang='lat' dir='ltr'><strong>Quibus</strong></span> <span class='ocrx_word' id='word_1_286' title='bbox 648 3235 934 3296; x_wconf 90' lang='lat' dir='ltr'><strong>omnibus</strong></span> <span class='ocrx_word' id='word_1_287' title='bbox 961 3279 977 3306; x_wconf 81' lang='grc'><em>,</em></span> <span class='ocrx_word' id='word_1_288' title='bbox 1021 3244 1084 3292; x_wconf 90' lang='lat' dir='ltr'><strong>et</strong></span> <span class='ocrx_word' id='word_1_289' title='bbox 1129 3233 1379 3310; x_wconf 85' lang='lat' dir='ltr'><strong>singulis</strong></span> <span class='ocrx_word' id='word_1_290' title='bbox 1410 3279 1425 3309; x_wconf 83' lang='grc'><strong>,</strong></span> <span class='ocrx_word' id='word_1_291' title='bbox 1496 3255 1711 3304; x_wconf 84' lang='lat' dir='ltr'><strong>eorum</strong></span> 
     </span>
     <span class='ocr_line' id='line_1_43' title="bbox 132 3309 1709 3391; baseline 0.006 -28"><span class='ocrx_word' id='word_1_292' title='bbox 132 3309 362 3371; x_wconf 84' lang='lat' dir='ltr'><strong>omnium</strong></span> <span class='ocrx_word' id='word_1_293' title='bbox 384 3326 444 3374; x_wconf 88' lang='lat' dir='ltr'><strong>et</strong></span> <span class='ocrx_word' id='word_1_294' title='bbox 475 3311 858 3390; x_wconf 85' lang='lat' dir='ltr'><strong>singulorum</strong></span> <span class='ocrx_word' id='word_1_295' title='bbox 887 3320 1134 3370; x_wconf 84' lang='lat' dir='ltr'><strong>tenores</strong></span> <span class='ocrx_word' id='word_1_296' title='bbox 1170 3312 1569 3388; x_wconf 74' lang='lat' dir='ltr'><strong>praesentibus</strong></span> <span class='ocrx_word' id='word_1_297' title='bbox 1596 3334 1709 3391; x_wconf 90' lang='lat' dir='ltr'><strong>pro</strong></span> 
     </span>
     <span class='ocr_line' id='line_1_44' title="bbox 131 3377 1707 3466; baseline 0 -14"><span class='ocrx_word' id='word_1_298' title='bbox 131 3377 305 3460; x_wconf 67' lang='lat' dir='ltr'><strong>plene,</strong></span> <span class='ocrx_word' id='word_1_299' title='bbox 345 3401 406 3452; x_wconf 87' lang='lat' dir='ltr'><strong>et</strong></span> <span class='ocrx_word' id='word_1_300' title='bbox 445 3390 814 3454; x_wconf 81' lang='lat' dir='ltr'><strong>sufficienter</strong></span> <span class='ocrx_word' id='word_1_301' title='bbox 849 3388 1166 3466; x_wconf 79' lang='lat' dir='ltr'><strong>expressis,</strong></span> <span class='ocrx_word' id='word_1_302' title='bbox 1205 3387 1371 3449; x_wconf 81' lang='lat' dir='ltr'><strong>etde</strong></span> <span class='ocrx_word' id='word_1_303' title='bbox 1410 3388 1601 3456; x_wconf 80' lang='lat' dir='ltr'><strong>verbo</strong></span> <span class='ocrx_word' id='word_1_304' title='bbox 1631 3391 1707 3455; x_wconf 79' lang='lat' dir='ltr'><strong>ad</strong></span> 
     </span>
    </p>
   </div>
  </div>
 </body>
</html>
