2434 3992
562 126 597 195 3
616 156 635 195 ι
650 130 689 194 6
1076 122 1465 190 ΒΕΝΕΒΙΟΤῙ
1509 118 1685 191 XIV.
1757 160 1766 164 ‚

294 249 504 311 Ροιετ.
562 258 747 314 quam
799 233 942 294 iniri
982 233 1522 310 posse'contingat
1547 277 1563 305 ,
1602 230 1912 307 reliquum
1951 228 2074 291 erit
2117 229 2202 291 ad

298 318 369 367 Ἀ·
400 317 467 364 V·
562 310 1106 389 Congregationem
1144 308 1411 370 Concilii
1439 328 1756 369 recursum
1781 306 2052 381 hahere3
2094 326 2204 366 cu·

559 398 655 466 jus
693 388 847 461 erit,
884 395 1203 463 perspecto
1252 405 1324 445 ex
1371 386 1604 447 Vestris
1648 382 2082 444 relationibus.
2109 404 2205 442 re-

560 487 699 530 rum
728 474 904 529 statu
924 506 941 535 ‚
984 462 1352 522 auctoritate
1387 460 1736 537 Apostolica
1777 482 1814 519 a
1859 460 2205 521 Praedeces.

559 541 803 603 soribus
852 542 1086 601 Nostris
1142 536 1340 597 eidem
1395 538 1712 615 impartita
1741 581 1758 607 ,
1810 548 1964 607 eta
2013 535 2209 595 Nobis

558 623 744 681 etiam
779 616 1171 693 praesentium
1197 625 1414 677 tenore
1449 614 1810 673 confirmata
1832 656 1848 683 ‚
1886 612 2204 691 quotidia-

558 714 705 765 nam
741 691 1212 769 applicationem
1259 692 1448 751 Missae
1475 686 1918 751 conventualis
1945 708 2070 766 pro
2099 694 2204 749 Be-

560 770 977 831 nefactoribus
1002 770 1067 827 in
1100 786 1352 843 genere,
1387 778 1460 827 ut
1495 766 1673 841 alias,
1700 766 1780 825 ad
1811 770 2027 825 Festos
2061 770 2204 847 'tap-

562 846 888 912 tummodo
934 846 1065 905 dics
1108 843 1425 907 reducere.

325 932 405 981 Dc
457 944 531 980 se·
638 921 691 1003 8.
736 942 831 983 20.
886 926 1021 983 Non
1080 920 1264 980 modo
1311 916 1586 978 Ecclesiis
1645 915 2204 990 Fauian-chautim,

260 996 435 1073 0⁰⁰4&
478 1000 544 1073 ‘et
566 997 1082 1076 metropolitanis,
1153 994 1665 1067 cathedralibuS,
1713 1006 1776 1056 et
1843 992 2206 1071 eollegiatis

262 1062 909 1153 ²2'21·M¹‘·‚injunctum
936 1074 1244 1151 reperitur
1261 1118 1280 1147 ‚
1315 1082 1388 1131 ut
1409 1071 1682 1149 quotidie
1705 1074 1882 1133 Missa
1909 1074 2203 1131 Conven-

262 1146 321 1181 ῃ
372 1128 507 1208 ew?
564 1150 747 1213 tualis
780 1154 847 1211 in
881 1151 1109 1211 eisdem
1138 1158 1397 1209 canatur
1419 1193 1436 1220 ,
1469 1148 1574 1207 sed
1599 1148 1786 1207 etiam
1814 1148 1880 1205 in
1915 1146 2208 1207 Rubricis

262 1197 514 1252 'vemmh’
565 1226 1005 1298 Generalibus,
1047 1246 1314 1303 quarum
1352 1226 1788 1283 exactissimam
1818 1224 2203 1284 Fraternita-

565 1305 735 1380 tibus
781 1304 1015 1375 Vestris
1067 1302 1410 1369 custodiam
1453 1300 1990 1371 commendatum,
2040 1320 2204 1377 pras,-

562 1380 886 1455 scribitur,
926 1390 998 1440 ut
1037 1380 1220 1445 certis
1258 1375 1474 1443 diebus
1509 1396 1634 1436 non
1665 1398 1822 1447 una,
1859 1374 1968 1439 sed
2005 1374 2202 1450 binae,

564 1468 751 1533 atque
781 1458 967 1515 etiam
1005 1452 1340 1529 aliquando
1365 1464 1490 1511 tres
1517 1455 1704 1521 Missae
1742 1452 2206 1518 Conventuales

565 1552 691 1605 uno
713 1532 813 1592 die
836 1529 1252 1603 celebrentur.
1277 1535 1498 1606 Itaque
1520 1549 1712 1606 quum
1732 1550 1930 1605 nuper
1954 1549 1994 1591 a
2017 1530 2206 1591 Nobis

464 1604 471 1612 ’
526 1639 538 1646 ·
566 1608 797 1668 dictum
840 1608 1065 1678 fuerit,
1105 1606 1372 1683 primam
1420 1607 1662 1665 Missam
1711 1605 2206 1671 conventualem
2301 1605 2308 1619 '

566 1684 841 1761 quotidie
863 1705 979 1762 pro
1011 1679 1507 1754 Benefactoribus
1539 1683 1604 1741 in
1631 1702 1852 1760 genere
1885 1681 2201 1744 celebrans

565 1764 744 1833 dam,
780 1772 843 1820 et
878 1758 1305 1839 applicandam
1339 1778 1506 1835 esse3
1535 1780 1700 1822 nunc
1734 1759 2204 1836 expendendum

516 1900 519 1903 ,
566 1846 875 1913 superest,
930 1857 1009 1907 an
1073 1834 1410 1909 earundem
1451 1833 1860 1903 Ecclesiarum
1915 1836 2206 1912 capitula

568 1913 984 1973 Jurisdictioni
1020 1916 1250 1972 Vestrae
1290 1913 1626 1987 respective
1652 1913 1926 1990 subjecta
1959 1914 2202 1989 adigere

566 1989 875 2061 debeatis,
922 1999 995 2047 ut
1032 1986 1181 2047 alias
1216 1996 1466 2065 quoque
1503 1990 1739 2063 Missas,
1778 1992 1828 2048 si
1854 1987 2104 2065 plureS,
2133 1999 2204 2053 ut

565 2064 893 2149 praefertur
912 2108 928 2137 ‚
974 2060 1272 2132 celebrari
1315 2066 1640 2141 contigerit
1661 2110 1676 2137 ,
1701 2086 1818 2141 pro
1847 2066 2196 2127 Benefactm

566 2140 743 2213 ribus
786 2144 849 2199 in
890 2160 1110 2216 genere
1140 2139 1421 2200 similiter
1463 2141 1789 2219 applicent.

288 2229 543 2295 Congu-eg.
639 2215 695 2299 8.
724 2218 1204 2293 21.Hujusmodi
1224 2218 1476 2293 quaestio
1494 2218 1574 2285 ab
1598 2216 1910 2295 aliquibus
1927 2238 2004 2279 ex
2015 2218 2199 2281 Vobis

266 2294 472 2347 concil.
564 2293 983 2361 Ecclesiastico
1026 2292 1155 2361 zelo
1189 2293 1268 2363 fla
1308 2294 1590 2361 rantibus
1629 2294 2001 2372 supradictae
2041 2300 2196 2357 Con-

262 2364 542 2428 Responsa.
564 2372 905 2449 gregationi
961 2315 1427 2441 Venerabifium
1489 2376 1776 2437 Fratrum
1837 2376 2198 2432 Nostrorum

565 2446 825 2507 Concilii
867 2446 1215 2507 Tridentini
1252 2454 1669 2525 Interpretum
1715 2451 2034 2526 proposita
2065 2458 2193 2511 est.

565 2528 823 2601 Jamque
876 2533 1022 2583 ante
1069 2521 1232 2587 illius
1287 2526 1772 2602 propositionem
1815 2535 2196 2602 compertum

561 2598 804 2674 fuerat,
855 2598 1003 2659 alias
1042 2599 1121 2658 ab
1172 2600 1384 2662 eadem
1423 2603 1914 2678 Congregatione
1949 2620 2192 2678 respons

564 2697 699 2736 sum
733 2677 949 2748 fuisse,
988 2675 1443 2740 concedendam
1481 2698 1608 2740 esse
1645 2680 2094 2754 exemptionem
2118 2676 2196 2737 ab

565 2773 753 2813 onere
795 2751 1141 2830 applicandi
1174 2754 1538 2823 secundam,
1570 2774 1638 2821 ac
1677 2758 1925 2820 tertiam
1959 2758 2194 2815 Missam

565 2827 1056 2910 conventualem
1103 2848 1216 2905 pro
1271 2830 1766 2892 Benefactoribns
1820 2833 1883 2897 in
1934 2850 2150 2907 genere
2171 2876 2188 2903 ‚

565 2914 803 2965 attenta
848 2906 1370 2980 canonicatuum,
1409 2918 1472 2967 et
1511 2907 1954 2967 Beneficiorum
1994 2908 2186 2967 tenui.

565 2992 733 3057 tate3
770 3001 841 3040 ex
880 3000 1004 3057 quo
1048 2981 1261 3041 inferri
1301 2993 1580 3059 poterat,
1619 2982 1974 3061 hujusmodi
2005 2982 2186 3061 appli-

562 3058 825 3118 cationis
843 3057 1124 3136 „debitum
1156 3080 1404 3119 manere
1427 3105 1444 3132 ,
1477 3059 1587 3119 ubi
1623 3058 1700 3119 de
1735 3058 2016 3121 Ecclesiis
2047 3080 2184 3137 pau-

562 3133 813 3211 peribus
858 3156 982 3193 non
1019 3144 1323 3211 ageretur.
2083 3184 2088 3196 .

295 3243 541 3297 Pontifex
638 3209 693 3287 8.
711 3230 809 3268 22.
828 3215 1056 3271 Verum
1079 3232 1272 3287 quum
1291 3210 1449 3273 hanc
1471 3212 1830 3272 definiendae
1847 3212 2186 3290 quaestionis

264 3311 490 3363 ,bmlvit
562 3284 837 3362 regulam
849 3287 1011 3363 apud
1026 3289 1377 3363 praedictam
1390 3291 1940 3365 congregationem
1959 3310 2078 3349 non
2091 3287 2184 3347 ad«

262 3380 329 3445 ,ψ
374 3375 538 3446 appu,
566 3362 821 3435 {nodum
850 3368 1043 3443 veteri
1073 3364 1466 3429 observantia
1484 3366 1792 3441 firmatam
1808 3366 2004 3453 probe
2019 3382 2184 3433 neven
