2434 3992
768 150 1215 223 Beniamin&
1687 182 1712 224 1
1731 182 1752 225 ι
1766 158 1802 225 3

178 298 186 305 ·
256 264 305 345 §.
340 263 396 325 6„
442 272 676 342 Quarta
711 266 809 325 die
840 268 901 325 in
935 266 1199 327 Ecclesia
1229 270 1462 325 Sanctae
1495 267 1702 327 Mariae
1736 268 1800 326 in
1857 278 2066 337 Auno

198 348 289 402 Via
317 348 459 402 Lata
499 345 819 402 Missurum
859 342 1296 418 persolvantur
1336 341 1666 415 solemnia,
1709 344 1798 403 in·
1895 344 2042 412 1743.

199 418 657 479 tei-venientibus
702 418 943 478 Dilectis
993 418 1160 479 Filiis
1207 426 1546 479 Causarum
1588 420 1800 479 Palatii
1901 447 2100 513 Quum

198 498 360 555 nostri
420 496 851 555 Auditoribus.
910 500 1101 555 Locus
1154 498 1320 555 enim
1372 498 1486 556 iste
1543 498 1800 574 antiqua
1819 512 1986 564 diein
2005 514 2102 564 Ec.

198 583 273 631 est
318 571 629 647 Religioue
692 571 1122 632 celeberrimus
1162 595 1179 631 ε
1225 572 1310 631 ibi
1359 574 1627 649 primum
1657 618 1674 646 ‚
1729 584 1798 633 ut
1818 580 1977 630 clesia
2008 580 2062 635 S.

178 650 401 719 fertur,
443 648 711 723 hospitio
754 658 1036 725 exceptus
1078 661 1169 709 est
1208 648 1536 725 Apostolus
1568 662 1633 711 et
1671 656 1795 711 Ma·
1818 646 1996 723 Μξηὶΰ
2041 647 2100 696 iu

198 728 351 798 gistcr
400 727 699 783 Gentium
743 724 997 797 Paulus,
1039 727 1147 813 qui
1175 772 1191 797 ‚
1233 736 1307 784 ut
1346 728 1500 785 Acta
1540 731 1796 802 Aposto·
1818 712 1918 766 Ἢ·
1949 710 2098 763 Lu&

197 798 369 860 lorum
396 812 737 873 testantur,
776 803 997 857 mansit
1027 800 1260 857 boennio
1294 812 1408 857 toto
1434 804 1498 856 in
1533 822 1640 858 suo
1663 822 1797 859 con-

199 877 341 933 ducto
364 920 379 947 ,
429 888 491 933 et
526 879 686 933 susci
724 877 879 933 iebat
918 882 1121 933 omnes
1147 922 1164 951 ,
1202 879 1308 955 qui
1331 876 1806 955 ingrediebantur

200 952 265 1009 ad
304 973 437 1009 eum
454 996 470 1024 ,
507 897 855 1028 praesscans
900 956 1184 1029 Regnum
1238 953 1361 1009 Dei
1387 996 1402 1025 ‚
1451 964 1510 1008 et
1543 952 1756 1011 docem
1781 998 1798 1023 ,

199 1049 307 1105 quoe
339 1040 481 1085 sunt
525 1029 600 1083 de
648 1029 909 1085 Domino
950 1030 1095 1085 Jesu
1138 1028 1364 1087 Christo
1391 1074 1410 1103 ,
1459 1048 1598 1085 cum
1641 1033 1802 1087 omni

188 1104 418 1179 Μυσία,
454 1106 583 1161 εἰπε
607 1104 1021 1180 prohibitione.

256 1180 302 1259 §.
340 1199 395 1258 7.
442 1182 673 1253 Quinta
721 1181 819 1240 die
872 1182 950 1240 ad
1003 1182 1325 1242 Missurum
1377 1180 1672 1242 solemnia
1731 1184 1798 1243 in

198 1256 623 1317 Pontificalibus
650 1257 1017 1317 celebranda
1044 1260 1418 1318 convenient
1447 1258 1653 1317 dilecti
1687 1257 1798 1350 filii
1818 1288 1872 1337 di
1897 1222 2098 1285 Q⁰i⁰¹⁸

201 1338 439 1393 Camerae
491 1322 857 1409 Apostolicae
908 1333 1132 1395 Clerici
1173 1338 1238 1393 in
1289 1333 1548 1394 Ecclesia
1593 1339 1798 1395 Sancti
1816 1306 1979 1405 chisil:
2005 1290 2100 1405 gc·

198 1412 328 1469 Petri
359 1409 435 1470 ad
450 1409 714 1470 Vincula
734 1457 749 1484 ‚
784 1432 889 1470 seu
924 1410 1104 1470 titulo
1126 1410 1432 1470 Eudoxiae.
1469 1417 1610 1471 Haec
1631 1414 1795 1473 enim
1817 1422 1956 1473 Petri
2033 1420 2100 1471 ad

198 1488 365 1558 prima
405 1486 667 1545 Ecclesia
714 1508 843 1546 esse
898 1487 1204 1560 traditur,
1243 1508 1378 1563 quae
1426 1509 1460 1546 a
1513 1491 1798 1565 Principe
1819 1487 2066 1541 Vincult·

198 1558 605 1636 Apostolorum
651 1563 779 1634 suit,
818 1568 1025 1622 Romae
1062 1563 1406 1623 Immortali
1445 1569 1571 1623 Dco
1627 1565 1798 1625 dedi..

198 1649 345 1715 cata3
388 1642 451 1698 in
479 1639 595 1697 hac
637 1639 908 1717 ejusdem
939 1642 1105 1698 Beati
1140 1638 1416 1713 Apostoli
1453 1657 1620 1699 sacra
1647 1644 1797 1703 Vin-

199 1713 311 1774 cula
333 1726 657 1777 servantur
680 1762 695 1788 ‚
728 1736 861 1793 quae
886 1736 1125 1791 semper
1153 1734 1396 1773 summo
1431 1716 1495 1772 in
1519 1716 1756 1775 honore
1783 1765 1800 1789 ‚

200 1810 255 1847 ac
293 1794 685 1852 veneratione
736 1791 904 1868 apud
953 1790 1193 1851 Fideles
1247 1810 1459 1849 omnes
1499 1790 1800 1867 fuerunt3

197 1865 467 1945 pluraque
518 1868 985 1943 benignissimus
1022 1873 1185 1927 Deus
1227 1865 1526 1927 miracula
1567 1887 1679 1943 per
1731 1888 1802 1927 ea

200 1942 439 2011 efficere,
476 1946 555 2003 ad
598 1943 881 2017 laudem,
923 1954 986 2004 et
1028 1943 1288 2019 gloriam
1329 1943 1500 2025 Servi
1546 1945 1676 2016 sui,
1711 1944 1800 2004 di·

201 2030 386 2091 gnatus
424 2030 538 2080 est.
584 2026 723 2081 Haec
775 2024 937 2080 enim
992 2031 1139 2079 sunt
1187 2018 1392 2079 felices
1432 2017 1525 2078 illi
1564 2038 1754 2079 nexus
1783 2066 1799 2093 ‚

200 2094 379 2169 quide
408 2098 663 2157 manicis
683 2143 699 2171 ‚
728 2107 791 2156 et
824 2096 1220 2172 compedibus
1244 2098 1310 2156 in
1344 2116 1636 2156 coronam
1666 2116 1800 2155 mu-

198 2173 344 2231 tandi
369 2218 384 2247 ‚
412 2173 779 2250 Apostolum
815 2176 1237 2247 contingentes
1257 2214 1272 2241 ,
1300 2183 1636 2245 martyrem
1663 2172 1799 2232 red-

200 2246 460 2309 diderunt
499 2272 517 2309 ε
562 2249 790 2308 Felices
836 2261 1065 2309 catenae
1090 2295 1106 2322 ‚
1249 2270 1297 2308 ae
1355 2249 1600 2308 nudatis
1643 2268 1802 2324 pene

202 2325 404 2385 ossibus
450 2324 858 2399 inhaerentes,
898 2328 1071 2387 vivas
1110 2344 1177 2381 re
1205 2324 1404 2399 iquias
1449 2324 1526 2383 de
1559 2326 1798 2399 sangui-

200 2400 281 2457 nis
306 2402 554 2473 sudore‚
595 2408 719 2480 iam
760 2404 973 2461 attrita
1001 2419 1187 2459 carne
1206 2442 1226 2472 ‚
1269 2410 1612 2476 rapuerunt
1641 2421 1658 2457 ε
1688 2406 1799 2459 Fe-

200 2473 315 2536 licia
335 2477 594 2540 Vincula
614 2520 631 2547 ,
664 2496 799 2553 quae
826 2496 1000 2536 reum
1042 2492 1224 2535 sunm
1248 2492 1442 2552 usque
1467 2476 1546 2535 ad
1569 2475 1802 2535 Christi

200 2556 431 2613 Crucem
458 2600 475 2629 ‚
522 2574 651 2613 non
691 2565 819 2612 tam
864 2552 1385 2625 condemnatura,
1432 2572 1618 2628 quam
1656 2571 1800 2610 con-

200 2640 515 2699 sectatum,
560 2631 884 2689 miserunt.

266 2703 310 2781 §-
346 2704 403 2765 8.
443 2710 620 2766 Sexta
646 2716 853 2765 autem
886 2704 989 2765 die
1026 2707 1091 2764 in
1117 2702 1382 2763 Ecclesia
1415 2704 1620 2764 Sancti
1644 2704 1803 2761 Petri
1827 2714 1976 2765 Sext·
2016 2712 2101 2765 die

200 2778 257 2836 in
298 2786 548 2843 Cat-cere
583 2829 599 2853 ‚
737 2803 774 2841 o
808 2827 825 2854 ‚
876 2792 949 2841 ut
1005 2781 1254 2853 ferunt,
1308 2784 1478 2840 Beati
1526 2776 1804 2857 Apostoli
1826 2782 1882 2859 it}
1923 2780 2078 2830 Eccle

199 2858 383 2918 Petrus
401 2905 418 2929 ‚
456 2870 521 2917 et
557 2863 679 2918 Pau
706 2878 779 2917 us
814 2874 927 2933 per
956 2856 1165 2934 plures
1189 2876 1426 2917 menses
1467 2856 1803 2915 arctissima
1824 2847 1987 2925 ⁸¹2¹‚S·
2010 2846 2096 2897 Pe.

200 2934 445 2995 custodia
492 2932 571 2993 ad
613 2945 875 2995 mortem
925 2950 1117 3010 usque
1167 2933 1402 2994 detenti
1453 2943 1599 2991 sunt
1632 2977 1648 3004 ‚
1701 2950 1800 2990 eo·
1827 2912 2093 2965 truncar-

200 3026 434 3089 rumque
470 3010 771 3070 Custodes
806 3012 1169 3081 ProcessuS‚·
1196 3022 1262 3069 et
1300 3010 1701 3071 Martinianus
1723 3008 1802 3067 ad
1823 2998 1950 3033 cere.

202 3080 359 3145 fidem
391 3089 704 3156 conversi,
742 3086 948 3145 subito
986 3106 1053 3145 ex
1078 3089 1350 3161 proxima
1376 3098 1551 3162 petra
1581 3085 1802 3143 Divina

202 3160 405 3223 virtute
442 3166 617 3224 fonte
660 3174 877 3235 enam,
915 3163 1169 3221 fuerunt
1200 3184 1236 3221 a
1272 3168 1451 3221 Petro
1481 3165 1666 3219 Sacro
1691 3165 1798 3219 Ba-

201 3236 396 3307 ptismo
430 3238 665 3315 abluti3
712 3251 773 3299 et
816 3238 923 3298 ubi
958 3243 1024 3297 in
1066 3238 1365 3312 vinculis,
1409 3248 1470 3296 et
1499 3236 1802 3296 teterrimi

202 3318 434 3375 carceris
488 3316 765 3375 foeditate
822 3315 1228 3377 invisentibus
1289 3334 1352 3374 se
1403 3310 1802 3389 Evangelium

203 3388 299 3445 Dei
333 3392 691 3469 praedicare,
730 3411 949 3466 curare
998 3390 1276 3453 infirmos
1293 3432 1312 3467 ,
1357 3410 1573 3457 sanare
1614 3410 1797 3467 aegro·
