2434 3992
630 140 711 209 82
1102 102 1490 205 Banumcau
1533 136 1711 203 XIV.

292 260 435 322 “1³0
456 282 494 321 ῃ
516 282 571 320 Τ,
628 260 1005 329 procurent,
1045 246 1308 329 Populos
1345 267 1495 311 vero
1523 252 1610 307 Te
1643 257 1942 325 tanquam
1987 252 2231 312 Patrem
2258 296 2276 325 ‚

368 336 440 391 A.
462 334 573 389 III.
632 340 696 391 et
709 334 1019 390 Pastorem
1048 330 1399 389 animarum
1423 344 1674 386 suarum
1691 323 1912 385 devote
1937 328 2274 405 suscipien-

631 418 758 480 tes,
798 417 861 467 et
896 405 1105 471 'debita
1130 402 1604 466 honorificentia
1642 413 2080 480 prosequentes
2099 446 2118 477 ,
2148 407 2277 465 tuis

631 484 880 546 monitis
897 530 913 559 ,
941 494 1003 544 et
1035 482 1339 545 mandatis
1360 478 1710 541 salubribus
1731 479 2051 540 humiliter
2066 483 2276 543 inten-

630 562 825 638 daut3
861 563 947 621 ita
978 560 1145 641 quod
1194 566 1290 621 Tu
1326 561 1392 619 in
1438 560 1528 619 eis
1562 558 1906 620 devotionis
1946 558 2174 632 Filios,
2212 571 2278 621 et

631 640 747 717 ipsi
802 641 867 701 in
918 644 1003 699 Te
1040 659 1152 717 per
1190 656 1572 715 consequens
1611 641 1856 696 Patrem
1896 636 2278 699 benevolum

631 717 937 778 invenisse
954 715 1308 793 gaudeatis:
1333 712 1588 775 Vassalli
1626 724 1832 773 autem
1867 714 2148 791 praedicti
2185 720 2278 775 Te

630 794 845 855 debito
878 794 1117 855 honore
1154 803 1476 873 sequentes
1495 838 1513 866 ,
1541 790 1682 853 Tibi
1733 790 2092 855 fidelitatem
2126 790 2274 853 soli-

632 883 762 931 tam
789 917 807 945 ,
834 892 905 933 ae
940 882 1232 933 consueta
1273 871 1560 941 servitia,
1612 878 1676 929 et
1714 874 1852 947 jura
1882 870 2022 931 Tibi
2065 870 2149 933 ab
2187 874 2278 931 eis

628 948 844 1009 debita
897 950 1133 1027 integre
1198 948 1486 1009 exhibere
1539 957 1878 1024 procurent
1919 970 1940 1023 3
1993 946 2073 1008 ali
2211 950 2278 1009 in

631 1027 1002 1087 sententiam
1021 1073 1039 1102 ,
1096 1027 1228 1087 sive
1321 1048 1522 1087 oenam
1559 1070 1576 1099 ,
1629 1040 1820 1103 quam
1883 1026 2001 1085 rite
2055 969 2278 1091 tffle'ris

630 1105 762 1167 sive
800 1106 1086 1165 statueris
1120 1106 1284 1178 in-re
1331 1102 1505 1177 elles,
1536 1112 1736 1163 ratam
1763 1100 2134 1163 habebimus
2153 1150 2170 1177 ,
2214 1116 2278 1165 et

632 1182 925 1243 faciemus
946 1192 1200 1243 auctore
1211 1182 1473 1242 Domino
1489 1200 1686 1266 usque
1699 1178 1778 1239 ad
1794 1181 2277 1243 satisfactionem

628 1258 814 1323 condi
856 1280 1001 1319 nam
1048 1256 1487 1321 inviolabiliter
1525 1256 1864 1319 observari.

288 1344 291 1347 ’
390 1346 611 1399 Mandat
706 1332 867 1415 3..
907 1334 1208 1400 Volumus
1260 1346 1501 1408 autem‚
1558 1334 1727 1413 quod
1769 1341 1896 1409 Tu,
1938 1344 2278 1411 autequam

327 1415 528 1494 electo,
550 1419 609 1466 ut
630 1414 912 1491 regimini
931 1459 949 1488 ,
982 1423 1047 1473 et
1086 1413 1604 1475 administrationi
1644 1412 1820 1473 dictae
1846 1411 2278 1475 Patriarchalis

328 1482 609 1561 FndgiPm-
630 1489 907 1551 Ecclesiae
969 1491 1371 1553 Antiochenae
1419 1491 1695 1553 Nationis
1741 1490 2007 1567 praefatae
2060 1494 2150 1551 Te
2209 1493 2274 1551 in

330 1550 605 1627 f⁰³2¹⁰¹¹⁶¹¹¹
630 1566 838 1647 aliquo
890 1568 1230 1637 immisceas
1253 1615 1268 1641 ,
1321 1571 1386 1629 in
1429 1567 1714 1627 manibus
1745 1566 2002 1647 alicujus
2041 1566 2271 1630 Catho-

328 1623 542 1695 emutat
566 1650 585 1683 ’
630 1644 731 1705 lici
772 1646 1081 1707 Antistitis
1126 1648 1386 1723 gratiam
1414 1691 1431 1719 ‚
1469 1655 1544 1717 et,
1563 1647 2060 1705 communionem
2105 1646 2274 1707 Sedis

328 1692 571 1803 2033ss
628 1721 997 1801 Apostolieae
1016 1722 1334 1799 habentk,
1353 1724 1494 1785 etin
1513 1720 1632 1783 illis
1653 1723 1935 1800 partibus
1959 1723 2238 1800 degentis
2251 1770 2270 1799 ,

335 1819 608 1873 fidelitatis
628 1800 801 1861 Fidei
834 1798 1167 1863 Catholicae
1206 1802 1645 1879 professionem
1690 1820 1728 1859 a
1779 1800 1931 1862 Sede
1979 1801 2273 1879 praedicta

327 1893 552 1953 praestet.
627 1875 1053 1941 Orientalibus
1074 1880 1520 1960 praescriptam,
1550 1881 1718 1955 juxta
1750 1898 1972 1952 unam,
1996 1899 2272 1956 expresse

627 1958 910 2017 emittere
945 1966 1008 2015 et
1040 1954 1362 2017 fidelitatis
1409 1954 1632 2015 debitae
1665 1953 1916 2016 solitum
1959 1962 2269 2034 juramen·

625 2044 761 2093 tum
783 2079 801 2108 ,
843 2038 1015 2112 juxta
1048 2032 1342 2107 alteram,
1368 2034 1596 2094 formas
1633 2032 2040 2111 praesentibus
2071 2035 2272 2097 adno-

625 2120 787 2171 tatas
804 2156 820 2185 ,
845 2121 1139 2189 praestare
1167 2112 1426 2172 omnino
1454 2111 1721 2170 tenearis
1742 2157 1759 2184 ,
1781 2133 1854 2173 ac
1878 2112 2272 2177 Professionis

626 2186 837 2259 Fidei,
880 2208 1068 2266 quam
1096 2190 1402 2263 emiseris,
1431 2199 1491 2249 et
1514 2191 1844 2267 iuramenti
1877 2188 2272 2267 hujusmodi,
2301 2228 2318 2238 -

623 2266 793 2343 quod
831 2267 1217 2342 praestaveris
1236 2313 1254 2342 ‚
1288 2267 1517 2327 formas
1553 2266 1752 2329 eidem
1790 2271 2272 2344 congregationi

621 2344 704 2403 de
744 2342 1140 2422 Propaganda
1186 2344 1337 2406 Fide
1372 2342 1451 2405 de
1493 2343 1690 2406 verbo
1731 2345 1810 2407 ad
1843 2345 2108 2407 verbum
2161 2367 2270 2425 per

624 2431 763 2481 tuas
812 2431 1093 2497 patentes
1136 2420 1352 2483 literas
1390 2433 1500 2483 tuo
1537 2420 1733 2499 sigillo
1793 2424 2106 2499 munitas,
2160 2446 2268 2504 per

620 2500 945 2576 proprium
975 2501 1280 2564 Nuntium
1320 2502 1740 2581 quantocitius
1774 2501 2086 2563 destinare
2125 2524 2264 2583 pro-

618 2594 819 2636 cures.
2227 2630 2242 2635 -

410 2676 599 2729 Forma
698 2653 751 2722 §.
800 2650 859 2711 5.
908 2657 1133 2715 Forma
1177 2665 1386 2717 autem
1422 2656 1814 2717 Professionis
1853 2656 2053 2733 Fidei,
2082 2678 2267 2737 quam

317 2728 599 2797 professio.
619 2732 863 2799 emittes
876 2776 897 2805 ,
928 2728 1060 2791 haec
1097 2741 1189 2797 est
1215 2753 1234 2791 ε
1269 2734 1403 2811 Ego
1457 2735 1661 2792 Simon
1701 2728 1962 2793 Electus'
1993 2738 2262 2795 Pau-iar.

319 2812 403 2863 nis
430 2812 597 2868 Fidei.
618 2805 808 2865 dialis
818 2808 1109 2867 Eccksioe
1122 2808 1519 2869 Antioc-hence
1533 2807 1814 2873 Nationis
1826 2812 2265 2873 Mamnitamm

603 2883 795 2960 firma
828 2883 961 2961 fide
999 2884 1169 2943 cmdo
1194 2931 1214 2959 ,
1261 2898 1320 2943 et
1337 2888 1618 2965 profiteor
1644 2892 1848 2949 omnia
1873 2900 1931 2947 et
1979 2892 2224 2973 singula
2243 2937 2260 2966 ,

658 2983 757 3021 uae
785 2962 1157 3021 continentur
1190 2963 1259 3019 in
1309 2964 1576 3045 Symbolo
1629 2966 1806 3027 Fidei
1828 3015 1846 3043 ‚
1894 2989 2014 3047 quo
2045 2973 2262 3029 Sancta

685 3060 906 3097 omana
920 3040 1197 3098 Ecclesia
1224 3042 1442 3117 utitur,
1461 3043 1738 3103 videlicet
1751 3069 1771 3103 .·
1793 3045 1974 3104 Credo
1998 3048 2262 3107 inunum

616 3114 823 3175 Deum
870 3118 1120 3175 Patrem
1167 3116 1636 3199 omnipotentem
1651 3168 1671 3197 ‚
1714 3124 2028 3181 Factorum
2073 3124 2220 3187 Goeli
2242 3168 2259 3198 ‚

615 3204 675 3263 et
728 3194 917 3253 nme
931 3240 953 3269 ‚
1006 3194 1334 3255 visibilium
1387 3200 1654 3257 omnium
1669 3246 1684 3272 ‚
1738 3212 1800 3257 et
1834 3200 2218 3261 invisibilium
2241 3226 2260 3258 .-

612 3280 673 3325 ει
724 3272 792 3325 in
829 3292 1021 3329 unum
1066 3272 1401 3335 Dominum
1445 3276 1652 3335 Iesum
1704 3278 2005 3337 Christum
2041 3281 2261 3339 Filium

560 3394 571 3405 ,
617 3344 742 3403 Dei
778 3348 1163 3428 Unigenitum
1182 3397 1200 3426 ‚
1232 3360 1291 3409 et
1329 3373 1402 3410 ex
1434 3356 1620 3411 Patre
1644 3366 1861 3413 natum
1889 3368 2031 3414 ante
2065 3359 2262 3418 omnia

611 3422 839 3481 aoecula
855 3467 874 3499 ,
900 3426 1107 3485 Deum
1128 3426 1202 3485 de
1221 3428 1354 3487 Deo
1371 3475 1388 3506 ,
1425 3430 1630 3489 lumen
1662 3432 1738 3491 de
1771 3434 1997 3501 lumine
2011 3480 2030 3509 ‚
2061 3436 2261 3495 Deum

617 3517 828 3557 venam
868 3500 945 3559 de
990 3502 1126 3564 Deo
1165 3526 1306 3565 vem
1322 3550 1342 3586 ,
1356 3510 1636 3587 genitum
1663 3531 1784 3571 non
1809 3509 2059 3589 factum
2079 3556 2100 3593 ,
2127 3532 2258 3573 oon·
