2434 3992
387 1199 591 1254 Confir-

320 1278 492 1319 matur

316 1336 593 1387 Constitu·

204 1445 219 1453 ,
320 1408 397 1453 tio
435 1404 490 1453 S.
517 1401 596 1453 Pii

318 1470 386 1521 V.
434 1470 565 1520 inci-

320 1538 466 1603 piens
486 1552 501 1585 ε
534 1536 597 1587 In

319 1606 581 1655 omnibus.

620 161 742 233 232
1150 166 1542 235 Bnnsmcn
1585 170 1760 238 xlv.

618 296 738 355 que
778 274 1171 357 digessimu83
1212 284 1464 342 Nostras
1499 302 1748 360 quoque
1775 294 1984 361 partes
2011 296 2128 345 esse
2153 294 2228 366 ju-

618 355 957 413 dicavimus
1002 354 1080 413 ad
1124 377 1196 415 ea
1239 357 1524 419 similiter
1557 362 2087 437 recognoscendas
2119 386 2230 441 quae

620 433 929 491 Ministros
960 432 1213 493 Nostros
1261 435 1328 494 in
1363 436 1574 496 eodem
1608 441 2082 500 Poenitentiariae
2109 441 2226 500 offi-

618 510 717 567 cio
774 507 1128 569 laborantes
1170 514 1541 589 respiciunt,
1579 514 1660 574 ad
1717 535 1934 575 eorum
1981 516 2230 578 videlicet

620 604 968 659 numerum,
984 585 1334 663 qualitates,
1351 590 1735 665 electionem,
1751 613 2032 663 munera,
2050 615 2230 666 onera,

618 660 1032 724 emolumenta
1054 711 1070 739 ,
1096 666 1427 744 perfectius
1449 667 1852 747 stabiliusque
1883 670 2231 743 ordinanda,

620 744 841 799 mentis
878 746 1112 803 Nostrae
1138 746 1328 803 aciem
1360 764 1434 803 eo
1469 744 1684 806 utilius
1717 759 2108 822 convertere,
2129 768 2234 826 quo
2269 808 2278 816 ,

618 822 815 893 majus
856 818 1256 897 intelligimus
1292 823 1486 883 inesse
1521 835 1910 883 momentum
1941 827 2004 883 in
2031 829 2234 901 optimo

618 892 899 971 delectu,
940 908 1129 976 atque
1170 900 1389 959 ordine
1445 901 1908 974 ministrorum,
1945 911 2016 961 ut
2059 913 2234 961 rectus

618 974 759 1047 ille,
806 986 993 1052 atque
1044 976 1354 1053 proficuus
1419 995 1849 1039 concessarum
1900 978 2233 1039 facultatum

620 1075 763 1116 usus
788 1063 1094 1112 asseratur
1118 1099 1134 1127 ‚
1176 1053 1256 1113 ad
1297 1073 1480 1131 quem
1507 1057 1896 1131 potissimum
1927 1056 2124 1115 studia
2143 1076 2232 1115 no·

619 1143 745 1205 stra
765 1177 781 1205 ‚
822 1132 1345 1209 cogitationesque
1375 1130 1680 1191 feruntur.

698 1209 755 1289 §-
806 1227 856 1267 1.
914 1215 1302 1285 Quamquam
1357 1210 1523 1269 euim
1569 1206 1912 1269 recolendae
1961 1210 2236 1269 memoriae

620 1288 1025 1349 Praedecessor
1055 1297 1266 1345 noster
1295 1288 1354 1344 S.
1385 1287 1525 1345 Pius
1561 1292 1719 1363 Papa
1747 1290 1825 1347 V.
1879 1289 1942 1345 in
1977 1288 2102 1363 ipsa
2129 1308 2234 1345 ere-

618 1366 825 1425 ctione
862 1362 1178 1423 hodiernae
1223 1364 1693 1431 Poenitentia1·iae
1713 1410 1729 1438 ‚
1779 1383 1970 1439 quam
1991 1410 2008 1435 ‚
2059 1374 2238 1423 vetere

618 1462 733 1518 sup
778 1460 938 1500 ressa
988 1442 1380 1515 extinctaque
1407 1485 1424 1513 ,
1479 1458 1703 1507 novam
1743 1442 1870 1515 ipse
1911 1442 2238 1515 constituit,

622 1540 725 1579 mu
753 1528 815 1577 ta
858 1528 921 1576 et
958 1536 1104 1576 sane
1138 1517 1444 1593 praecipua
1487 1516 1566 1577 de
1599 1518 1824 1577 futuris
1851 1518 2117 1595 ejusdem
2147 1519 2238 1577 Mi-

624 1596 827 1655 nistris
850 1638 867 1667 ‚
923 1612 1031 1653 seu
1090 1591 1505 1667 Officialibus,
1560 1596 1870 1671 sapienter
1922 1594 2254 1653 decreverit

526 1698 531 1703 ·
618 1693 732 1751 per
778 1691 949 1745 suam
1012 1672 1536 1731 constitutionem
1571 1716 1588 1742 ‚
1649 1690 1786 1747 quae
1851 1673 2068 1749 incipit
2115 1692 2131 1730 ε
2179 1672 2242 1726 In

388 2088 568 2144 Causae

325 2160 595 2224 praesentis

321 2224 597 2275 Constitu-

319 2289 500 2346 tionis.

620 1748 890 1805 omnibus
924 1794 941 1821 ‚
990 1749 1201 1808 datam
1257 1752 1392 1809 XV.
1431 1744 1760 1808 Kalendas
1808 1750 2022 1808 ,lunias
2083 1753 2244 1807 Anno

624 1829 950 1888 MDLXIX.
1004 1845 1190 1901 quam
1245 1823 1508 1901 proinde
1571 1828 1690 1885 Nos
1733 1846 1984 1903 quoque
2027 1825 2240 1884 firmam

622 1925 747 1965 esse
782 1904 1069 1964 volumus
1100 1948 1117 1974 ‚
1160 1912 1349 1977 atque
1387 1900 1772 1961 decernimus
1795 1950 1811 1972 ‚
1855 1914 2246 1981 praeterquam

622 1985 685 2041 in
745 1980 849 2052 iis,
904 1982 964 2039 in
1016 1978 1243 2055 quibus
1283 1978 1542 2038 eandem
1591 1980 1998 2055 praesentibus
2047 1980 2244 2039 nostris

624 2058 845 2117 Literis
892 2057 1238 2115 constiterit
1293 2055 1646 2134 adversari3
1700 2056 2014 2119 Nonnulla
2059 2067 2243 2115 tamen

624 2132 795 2210 lapsu
838 2132 1106 2192 duorum
1153 2130 1348 2191 ferme
1396 2132 1767 2193 Saeculorum
1811 2136 1974 2195 circa
2009 2132 2108 2193 illa
2149 2136 2241 2190 im-

626 2210 853 2270 mutari
903 2209 1258 2289 debuerunt
1283 2254 1300 2282 ‚
1359 2212 1546 2270 variis
1593 2211 1672 2271 de
1717 2212 1916 2270 causis
1965 2232 2078 2289 per
2117 2208 2243 2269 alios

624 2292 931 2347 Romanos
947 2286 1268 2347 Pontifices
1285 2289 1518 2361 pariter
1537 2286 2010 2348 Praedecessores
2031 2298 2245 2347 nostros

624 2366 881 2441 coguitis
915 2374 981 2424 et
1002 2364 1359 2440 approbatis
1395 2386 1412 2423 ε
1439 2370 1715 2440 Quarum
1745 2365 2244 2443 approbationem

624 2463 703 2503 ne
742 2436 843 2503 vel
882 2442 1244 2501 memoriam
1283 2441 1558 2501 excidere
1606 2440 1706 2503 vel
1750 2442 1936 2503 fidem
1978 2440 2242 2506 vacillare

623 2521 942 2595 contingat
970 2561 986 2587 ‚
1048 2538 1203 2579 neve
1233 2564 1250 2591 ‚
1295 2518 1347 2577 si
1395 2520 1762 2595 ignorentur
1788 2564 1804 2589 ‚
1853 2521 2143 2591 eveniat,
2187 2527 2244 2575 ut

622 2595 975 2676 hujusmodi
998 2594 1455 2657 immutationes
1479 2597 1542 2656 in
1567 2595 1914 2673 exemplum
1933 2597 2244 2657 trahantur

624 2673 883 2735 aliarum
922 2674 1178 2734 forsitan
1206 2673 1454 2749 privato
1485 2673 1746 2734 arbitrio
1772 2672 2060 2751 deinceps
2087 2672 2240 2733 indu·

624 2751 997 2827 cendarum3
1030 2750 1260 2811 idcirco
1291 2752 1695 2811 necessarium
1737 2761 1800 2809 et
1839 2762 2242 2828 opportunum

624 2828 905 2890 duximus
952 2828 1159 2889 omnia
1214 2837 1280 2886 et
1329 2825 1566 2903 singula
1625 2834 1748 2905 iam
1787 2831 1960 2905 prius
2003 2848 2039 2893 a
2090 2826 2242 2886 nobis

622 2926 957 2983 perpensa,
990 2916 1175 2982 atque
1206 2906 1514 2979 recognita
1536 2950 1554 2979 ‚
1595 2914 1659 2965 et
1697 2905 1893 2965 sicubi
1928 2925 2084 2981 opus
2115 2904 2238 2971 fuit,

622 2993 928 3057 correcta,
968 3002 1075 3043 seu
1120 2983 1185 3041 in
1221 2981 1436 3041 melius
1471 2992 1876 3057 commutata,
1909 2984 2127 3041 Literis
2163 2999 2237 3038 ex·

620 3058 886 3137 plicare,
932 3058 1213 3127 tradere,
1271 3070 1460 3136 atque
1498 3057 1848 3136 Apostolica
1895 3061 2238 3118 auctoritate

620 3139 889 3211 sancita,
918 3157 990 3197 ac
1030 3134 1358 3209 roborata,
1399 3138 1462 3195 in
1505 3138 1782 3197 omnium
1814 3137 2237 3214 notmannia-

624 3212 993 3275 violabiliter
1050 3216 1117 3271 in
1174 3224 1487 3289 posterum
1531 3212 1873 3286 servanda,
1933 3213 2235 3273 deducere.

620 3297 791 3351 Motu
839 3292 1048 3368 itaque
1094 3292 1348 3367 proprio
1373 3336 1390 3363 ‚
1441 3300 1503 3351 et
1551 3311 1620 3350 ex
1659 3300 1828 3351 certa
1867 3292 2120 3351 seientia
2143 3333 2158 3355 ,
2185 3294 2236 3343 et

564 3420 569 3427 .
622 3379 865 3427 matura
894 3366 1337 3427 deliberatione
1375 3370 1606 3429 Nostris
1625 3412 1642 3442 ‚
1668 3366 1867 3446 deque
1897 3363 2235 3459 Apostolicae

620 3445 939 3518 potestatis
971 3442 1359 3521 plenitudine
1405 3445 1822 3525 infrascriptas
1845 3442 2236 3507 ordinationes
