2434 3992
747 185 1192 251 Bunmmum.
1662 182 1786 251 453

149 292 286 357 foro·
331 293 732 357 conscientias¹
761 313 781 351 ε
841 308 1041 370 neque
1093 294 1280 351 etiam
1324 292 1567 351 easdem
1633 312 1781 369 prae.
1856 308 2035 356 Ano

147 372 348 431 sentes
359 370 496 442 iis,
537 369 648 445 qui
671 390 711 431 a
745 368 932 429 Nobis
965 380 1031 430 et
1067 366 1421 446 Apostoliea
1458 367 1647 442 Sede,
1682 372 1817 432 vel.
1874 370 2021 445 ¹744·

147 446 224 507 ab
284 443 494 521 aliquo
539 444 794 507 Praelato
819 489 846 520 „‚
899 466 1004 505 seu
1047 446 1263 505 Jndice
1314 443 1738 507 Ecclesiastico
1766 493 1783 521 ,

146 524 333 585 etiam
371 542 586 581 eorum
633 524 882 583 nomine
923 524 1247 599 speciatim
1294 542 1418 582 non
1465 543 1784 601 expresso,

144 596 686 673 excommunicati,
737 601 1047 675 suspensi,
1091 597 1445 671 interdicti,
1488 620 1595 659 seu
1634 600 1789 673 alias

144 678 208 735 in
247 676 586 735 sententias
617 718 634 748 ,
685 686 748 735 et
788 694 1078 735 censuras
1124 676 1409 735 incidisse
1452 674 1784 747 declarati,
1884 710 1892 727 ι

144 750 243 812 vel
267 748 514 827 publice
529 750 884 813 denunciati
912 752 1146 811 fuerint
1165 792 1186 818 ‚
1213 754 1335 811 nisi
1359 753 1525 811 intra
1544 762 1789 828 tempus

142 827 452 908 dictarum
484 827 750 887 duarum
775 827 1309 896 hebdomadarum
1348 829 1787 902 satisfecerint,

141 916 255 968 au't
293 914 444 965 oum·
488 904 772 981 partibus
809 904 1325 967 concordaverint
1346 950 1362 979 ,
1416 903 1547 964 ullo
1604 903 1817 965 modo.
1876 950 1882 957 .

139 979 460 1059 suffragari
495 1002 672 1057 posse
691 1026 708 1053 ,
745 981 1153 1043 autdebere.

213 1055 274 1135 §-
319 1076 380 1137 7.
426 1060 562 1116 Non
611 1056 1004 1119 obstantibus
1037 1055 1629 1119 constitutionibus
1652 1101 1671 1129 ,
1726 1067 1791 1117 et
1840 1052 2087 1131 ’Deroga-

145 1130 662 1193 ordinationibus
702 1133 1067 1211 Apostolicis
1093 1180 1110 1209 ,
1151 1136 1529 1211 praesertim,
1566 1133 1791 1209 quibus
1812 1126 1998 1175 ‘mne‘-

141 1206 404 1269 facultas
441 1207 804 1270 absolvendi
841 1212 906 1269 in
952 1214 1136 1270 certis
1178 1220 1329 1269 tunc
1357 1210 1649 1286 expressis
1689 1230 1786 1269 ca-

138 1282 312 1345 sibus
360 1288 446 1346 ita
491 1290 772 1347 Romano
816 1286 1098 1347 Pontifici
1133 1306 1281 1363 ‚pro
1320 1296 1601 1363 tempore
1670 1287 1787 1344 exi-

137 1362 332 1421 stenti
387 1372 738 1424 reservatur
770 1408 787 1437 ‚
835 1374 908 1423 ut
967 1384 1080 1423 nee
1133 1364 1321 1423 etiam
1370 1359 1633 1433 simileS‚
1686 1360 1789 1422 vel

134 1436 464 1499 dissimiles
488 1437 1020 1514 Indulgentiarum
1041 1485 1058 1514 ‚
1087 1450 1150 1498 et
1173 1435 1540 1499 facultatum
1574 1436 1785 1513 huius-

135 1514 314 1573 modi
347 1515 762 1574 concessiones
781 1556 796 1583 ,
819 1517 935 1575 nisi
961 1516 1039 1575 de
1067 1514 1186 1575 illis
1213 1535 1490 1592 expressa
1516 1516 1753 1573 mentio
1770 1560 1787 1585 ‚

131 1601 254 1650 aut
294 1588 571 1667 specialis
609 1588 922 1663 derogatio
957 1591 1066 1649 fiat
1091 1634 1108 1659 ,
1141 1593 1431 1665 cuiquam
1467 1589 1789 1667 suffragari

131 1675 378 1743 queant
416 1686 435 1724 ε
474 1682 718 1722 necnon
757 1661 968 1738 regula
1014 1668 1237 1723 Nostra
1269 1665 1345 1723 de
1394 1685 1521 1723 non
1572 1686 1787 1725 conce—

128 1741 364 1801 dendis
411 1737 820 1814 Indulgentiis
851 1737 928 1798 ad
965 1740 1198 1809 instar,
1246 1758 1317 1795 ac
1352 1758 1793 1814 quorumcum-

128 1836 268 1895 que
304 1814 654 1885 ordinum,
695 1824 760 1873 et
801 1814 1403 1889 congregationum,
1438 1815 1565 1875 sive
1607 1817 1787 1873 Insti—

128 1902 428 1953 tutorum
466 1888 894 1965 Regularium,
920 1890 1106 1951 etiam
1137 1894 1491 1967 iuramento
1511 1928 1529 1955 ,
1564 1890 1787 1951 confir-

131 1969 418 2029 matione
471 1964 853 2043 Apostolica‚
903 1964 1002 2027 vel
1063 1966 1281 2041 quavis
1332 1966 1625 2025 firmitate
1670 1964 1791 2025 alia

135 2043 489 2115 roboratiS,
539 2044 821 2115 statutis,
863 2051 928 2102 et
971 2041 1559 2118 consuetudinibus3
1595 2043 1785 2118 privi-

137 2120 314 2197 legiis
357 2138 640 2196 quoque,
691 2116 948 2178 indultis
983 2162 1000 2191 ,
1053 2129 1116 2178 et
1158 2120 1373 2177 Literis
1418 2118 1789 2195 Apostolicis

137 2196 372 2256 eisdem
413 2193 790 2268 Ordinibus,
825 2194 1455 2269 congregationibuS,
1492 2206 1555 2253 et
1597 2196 1781 2255 Insti-

136 2274 300 2333 tutis
324 2313 344 2344 ,
387 2269 760 2349 illorumque
787 2272 1090 2347 *personis
1133 2269 1597 2345 quomodolibet
1638 2292 1782 2331 con-

137 2350 320 2409 cessis
338 2393 356 2423 ,
371 2347 644 2426 approba
652 2348 724 2406 tis
741 2391 758 2419 ‚
773 2355 833 2405 et
850 2345 1180 2407 innovatis.
1211 2344 1447 2420 Quibus
1462 2347 1749 2425 omnibus
1763 2394 1780 2421 ,

139 2436 208 2485 et
253 2422 539 2501 singulis,
575 2424 817 2483 etiamsi
850 2424 927 2482 de
968 2420 1088 2482 illis
1137 2440 1475 2495 eorumque
1509 2424 1655 2480 totis
1697 2434 1783 2481 te·
1863 2424 1869 2429 '

141 2501 406 2561 noribus
433 2498 742 2577 specialis,
779 2499 1058 2576 specifica
1078 2543 1095 2570 ,
1135 2516 1447 2573 expressa,
1478 2506 1539 2553 et
1565 2497 1787 2556 indivi-

139 2578 303 2655 dua,
342 2598 466 2637 non
507 2587 714 2636 autem
755 2596 868 2653 per
914 2571 1217 2635 clausulas
1268 2570 1581 2649 generales
1626 2573 1789 2633 idem
1850 2617 1856 2623 -

141 2656 228 2713 im
277 2664 554 2714 ortantes
577 2697 594 2725 ,
632 2654 864 2713 mentio
884 2694 901 2723 ,
943 2673 1050 2713 seu
1085 2653 1313 2727 quaevis
1338 2648 1457 2708 alia
1484 2652 1789 2724 expressio

139 2730 226 2790 ha
275 2730 469 2804 enda,
511 2738 621 2789 aut
668 2727 876 2805 aliqua
915 2725 1034 2787 alia
1097 2727 1394 2805 exquisita
1450 2726 1651 2785 forma
1708 2726 1790 2783 ad
1828 2790 1833 2795 ,

141 2806 268 2867 hoc
303 2806 604 2868 servanda
646 2805 806 2864 foret
836 2850 853 2877 ,
905 2802 1151 2864 illorum
1189 2816 1433 2863 tenores
1473 2803 1797 2876 praesenti-.

139 2882 264 2943 bus
309 2903 427 2960 pro
459 2882 830 2942 sufficienter
857 2882 1180 2957 expressis,
1209 2900 1281 2939 ac
1315 2878 1579 2938 formam
1612 2878 1676 2936 in
1702 2880 1789 2936 eis

141 2958 442 3019 traditam
475 2979 590 3036 pro
609 2968 850 3018 servata
882 2956 1178 3017 habentes
1205 3000 1219 3023 ,
1251 2955 1367 3015 hac
1400 2957 1533 3015 vice
1560 2954 1817 3029 specia·'

142 3035 292 3095 liter
327 3080 344 3109 ,
408 3036 772 3095 no‘minatim
813 3080 832 3108 ,
883 3044 947 3092 et
1005 3052 1325 3109 expresse,
1376 3031 1453 3091 ad
1502 3028 1789 3119 effectum

139 3114 572 3189 praesentium,
615 3110 1014 3187 derogamus,
1056 3110 1411 3184 caeterisque
1462 3108 1789 3165 contrariis

145 3186 664 3265 quibuscumque.
1811 3212 1965 3266 Fides
1992 3216 2086 3266 ha·

222 3263 279 3343 §-
324 3262 386 3324 8.
430 3270 516 3325 Ut
567 3273 786 3323 autem*
820 3270 1146 3338 praesentes
1193 3262 1466 3328 Nostrae,
1530 3277 1665 3333 quae
1710 3256 1787 3317 ad
1812 3283 1975 3333 benda

145 3340 386 3417 singula
431 3339 564 3400 loca
612 3339 841 3399 deferri
881 3357 1006 3396 non
1058 3344 1355 3411 possunt,
1394 3334 1471 3393 ad
1506 3335 1784 3394 omnium
1809 3352 2091 3403 Transum.

147 3420 434 3479 notitiam
495 3413 732 3477 facilius
772 3414 1140 3489 deveniant,
1185 3408 1469 3473 volumus
1498 3456 1511 3482 ‚
1569 3421 1639 3471 ut
1686 3430 1783 3471 ea·
1808 3417 1933 3485 ptis.
2078 3442 2083 3447 ·
