2434 3992
771 166 1217 233 BULLARmM.
1668 166 1792 235 455

157 296 220 335 se
260 275 476 353 optime
516 273 705 333 meriti
743 298 764 332 .·
807 278 910 353 qui
930 274 1327 352 post'obitum
1370 272 1466 354 (ut
1500 274 1793 351 historici,
1850 274 1899 338 Α
1920 301 1953 337 ιε
1971 300 2007 336 ιε
2030 304 2060 336 0

157 354 314 411 inter
331 370 478 440 quos
509 352 748 426 ipsemet
775 352 1034 409 D'zomas
1055 395 1072 423 ,
1099 350 1371 430 narrant)
1398 353 1456 407 ei
1480 355 1759 430 apparuit
1776 395 1793 422 ‚
1890 352 2035 423 1744.

151 450 234 486 ae
269 438 492 484 tnstem
505 474 520 501 ‚
563 439 1011 507 maerentemque
1051 428 1165 485 lzac
1212 430 1345 505 ipsa
1387 430 1655 509 magistri
1700 432 1796 487 sui

152 514 215 561 et
253 502 482 561 domini
517 515 694 560 morte
714 548 729 576 ,
759 505 1033 561 recreavit
1047 526 1073 575 ;
1107 515 1164 559 et
1200 506 1353 559 inter
1370 516 1583 563 ooetera
1599 554 1615 581 ‚
1640 526 1791 572 sem·

141 582 390 657 pitema
426 576 721 656 felicitate
766 598 830 637 se
871 580 1054 656 potiri
1093 580 1399 659 affirmans
1414 624 1431 652 ‚
1480 584 1795 640 Summum

148 656 248 727 itti
289 654 718 731 Pontificatum
744 656 1026 732 praedixit
1037 678 1064 727 ,·
1106 676 1283 735 quem
1304 658 1532 733 pariter
1556 661 1795 717 AEneas

147 731 392 811 *Sylvius
410 774 424 797 ,
461 733 572 789 Pii
607 732 865 790 Secundi
891 734 1126 789 nomine
1144 778 1161 803 ‚
1189 744 1496 790 assecutus
1534 746 1623 791 est
1652 758 1672 791 .·
1691 738 1795 813 qui

147 806 330 865 ambo
346 805 603 885 fuerant
634 828 772 865 oum
813 808 1018 865 eodem
1058 809 1311 865 Nicolao
1352 808 1663 888 Albergati
1694 810 1791 867 ob·

149 904 216 942 se
259 885 358 941 uio
385 895 442 939 et
449 882 871 961 familiaritate
895 886 1211 959 conjuncti.
1243 883 1449 962 Atque
1472 907 1591 943 uno
1618 886 1793 943 verbo

149 906 468 1037 ‹laag-enter
500 962 872 1036 exposuimus
905 960 1204 1093 lezidquid
1238 963 1432 1040 mag-is
1462 982 1492 1017 e
1585 965 1757 1041 gium
1775 1009 1791 1037 ‚

149 1035 524 1113 solidumque
551 1036 624 1091 de
651 1039 732 1095 Β.
751 1036 904 1095 Nico
1026 1039 1325 1095 memoriae
1336 1058 1449 1114 pro
1494 1041 1643 1095 itum
1668 1051 1796 1096 erat

121 1154 126 1157 -
149 1114 218 1169 in
244 1111 582 1187 Pontifloiis
603 1112 1014 1190 diplomatibus
1031 1159 1046 1186 ‚
1101 1114 1537 1191 rwissimisque
1564 1115 1790 1172 Aucto-

151 1188 318 1245 ribus
339 1231 356 1259 ‚
401 1189 506 1267 qui
547 1190 613 1244 in
641 1188 930 1265 proedioto
972 1133 1275 1245 volumine
1310 1188 1579 1265 fideliter
1616 1212 1789 1249 aecu-

148 1276 394 1343 rateque
427 1265 707 1322 oitantur.
760 1266 1152 1323 Transeuntes
1188 1264 1329 1321 inde
1368 1265 1455 1322 ad
1488 1266 1585 1343 id,
1637 1268 1800 1346 quod

145 1351 284 1398 erat
308 1342 685 1418 praecipuum
703 1386 724 1416 ,
767 1340 878 1397 ad·
911 1342 1261 1420 qualitatem
1298 1342 1516 1399 scilicet
1534 1389 1549 1415 ,
1590 1354 1651 1399 et
1688 1364 1793 1400 ve-

144 1427 437 1475 tustatem
463 1416 688 1493 publici
741 1418 932 1475 cultus
949 1462 970 1490 ‚
1007 1418 1311 1475 retulimus
1350 1439 1587 1475 summa
1625 1418 1761 1495 fide
1777 1464 1795 1493 ‚

141 1491 452 1572 quidquid
489 1512 694 1550 oausoe
737 1494 1138 1551 Postulatores
1174 1496 1239 1550 in
1280 1496 1407 1551 suis
1432 1496 1668 1571 ‘scriptis
1702 1507 1795 1553 at-

141 1569 416 1627 tulerant
433 1612 450 1639 ,
487 1578 615 1623 tum
647 1567 828 1623 etiam
867 1568 1004 1639 illa,
1033 1590 1172 1646 quae
1195 1570 1373 1627 Fidei
1398 1574 1711 1629 Promotor
1729 1573 1797 1628 in
1840 1612 1845 1619 .

137 1646 284 1704 wis
319 1640 924 1701 animadversionibus
947 1661 1019 1697 ex
1049 1644 1235 1721 officio
1264 1665 1335 1718 op
1409 1658 1629 1706 suerat.
1663 1648 1796 1704 Nec

123 1719 276 1799 fuit
312 1740 358 1775 a
391 1716 580 1774 Nobis
615 1716 898 1773 omissum
939 1716 1007 1771 id
1021 1760 1041 1787 ‚
1075 1717 1238 1797 quod
1380 1720 1667 1791 ejusmodi
1692 1742 1792 1810 op·

123 1795 475 1874 positiones
517 1790 848 1869 responderi
895 1792 1098 1849 valide
1117 1803 1363 1869 ‚poterat
1409 1816 1429 1850 .-
1462 1794 1795 1868 illustratis,

139 1883 207 1931 et
256 1871 327 1926 in
371 1867 518 1926 bono
567 1870 790 1927 lumine
838 1868 1131 1925 collocatis
1167 1870 1479 1946 principiis
1530 1871 1755 1949 aliquot
1776 1916 1795 1945 ,

140 1967 298 2028 quoe
337 1945 404 2003 in
431 1946 642 2003 nostris
675 1943 748 2000 de
777 1944 1234 2005 canonizatione
1261 1946 1609 2004 Sanctorum
1637 1946 1797 2023 Ope·

143 2023 318 2082 ribus
361 2024 730 2083 eontinentur
744 2066 762 2096 ,
800 2019 1012 2100 quibus
1048 2022 1433 2099 oppositiones
1453 2086 1465 2096 ,
1487 2024 1611 2083 illoe
1645 2026 1791 2081 nite-

143 2100 395 2159 bantur.

149 2224 160 2230 -
227 2184 289 2264 S.
331 2184 398 2243 6:
434 2188 706 2243 Mentem
739 2196 942 2243 autem
979 2196 1241 2243 nostram
1274 2187 1513 2245 minime
1557 2192 1789 2265 aperui-
1904 2182 2093 2264 Congr-

146 2283 294 2320 mus
312 2285 338 2333 ‚·
389 2262 498 2319 sed
537 2262 838 2320 sententiis
892 2260 1144 2318 aliorum
1193 2265 1491 2339 exquisitis
1512 2306 1529 2334 ‚
1572 2266 1797 2345 ingenti
1812 2252 2081 2303 3⁰⁸⁰¹¹¹²¹⁰

143 2339 352 2397 animi
368 2339 550 2395 nostri
561 2338 786 2417 gaudio
820 2336 1186 2409 audivimus,
1222 2337 1565 2396 Cardinales
1592 2361 1792 2401 omnes
1814 2335 1909 2385 ΡΝ
1954 2317 2095 2371 cam

144 2436 218 2473 eo
363 2426 536 2493 gatos
551 2458 571 2489 ,
625 2415 924 2471 communi
975 2412 1260 2494 suffiagio
1280 2458 1297 2483 ‚
1354 2425 1413 2469 et
1465 2435 1591 2471 una
1648 2438 1791 2473 voce
1813 2392 2092 2503 :xssggss‘e'ffl

145 2491 266 2549 dec
333 2502 526 2548 rantes
541 2530 562 2559 ,
602 2489 828 2549 Urbani
857 2490 1040 2548 VIII.
1075 2488 1319 2545 decretis
1340 2490 1793 2566 obtemperatum
1812 2518 2016 2567 Urbani

135 2565 632 2645 pmrsusfiiisse,
670 2586 918 2647 quorum
946 2567 1013 2623 vi
1035 2567 1120 2624 B.
1154 2565 1397 2623 Nicolai
1427 2587 1614 2623 causa
1646 2580 1798 2625 esset
1814 2584 1963 2638 v111,

144 2643 366 2701 multis
407 2640 740 2707 nominibus
779 2654 1020 2719 excepta
1036 2665 1062 2713 ,·
1104 2640 1369 2720 adeoque
1426 2654 1682 2700 veterem
1724 2665 1797 2701 ac

131 2718 462 2798 publicum
507 2722 634 2795 cq‘us
681 2718 905 2777 cultum
921 2758 938 2789 ,
977 2719 1303 2797 legitimum
1348 2730 1409 2776 et
1448 2722 1799 2777 canonicum

143 2814 286 2855 esse
315 2795 684 2854 censendum
699 2834 721 2863 ,
763 2794 1037 2873 nulloque
1083 2794 1255 2851 modo
1288 2796 1361 2853 iis
1381 2838 1397 2868 ,
1446 2816 1585 2873 quoe
1613 2798 1679 2852 in
1714 2799 1795 2853 ei-

143 2872 300 2931 tatt's
331 2870 572 2931 decretis
595 2870 1063 2949 praescribuntur
1074 2910 1096 2939 ,
1129 2870 1465 2931 adversum.
1500 2872 1704 2951 Atque
1734 2874 1804 2929 id
1882 2891 1892 2904 ·

144 2948 358 3027 magis
377 2992 394 3019 ,
433 2947 594 3027 quod
617 2947 892 3025 publicus
944 2946 1105 3005 idem
1153 2948 1346 3005 cultus
1398 2959 1539 3005 tuno
1586 2952 1763 3027 ocepit
1777 2997 1793 3023 ‚

143 3043 298 3083 oum
327 3024 500 3082 Senis
541 3044 746 3101 corpus
787 3023 1050 3099 ejusdem
1095 3024 1275 3081 Beati
1316 3024 1445 3082 Viri
1488 3026 1554 3080 in
1584 3027 1792 3083 Eccle-

144 3102 252 3159 sia
276 3100 342 3159 S.
376 3100 706 3179 Augustini
715 3098 852 3178 fuit
869 3100 1191 3175 expositum
1213 3144 1231 3171 ,
1250 3098 1351 3157 ubi
1369 3112 1592 3176 praeter
1620 3104 1794 3159 totius

132 3176 364 3255 populi
385 3196 730 3235 concursum
745 3218 761 3247 ,
787 3177 892 3253 qui
919 3180 1045 3247 ejus
1061 3174 1251 3253 pedes
1273 3178 1601 3255 manusque
1628 3177 1792 3235 deos-2

144 3253 353 3312 culon·
389 3252 679 3325 certabat,
735 3253 1047 3331 Eugenius
1089 3252 1211 3310 JV.
1254 3250 1537 3330 Pontifex
1586 3254 1789 3311 Maxi-

147 3349 296 3387 mus
313 3373 330 3402 ,
372 3329 652 3386 inusitato
690 3329 764 3385 iis
802 3326 1149 3405 temporibus
1191 3328 1451 3405 exemplo
1465 3367 1487 3396 ,
1528 3332 1653 3403 ejus
1676 3329 1789 3408 fu-

147 3406 288 3465 nen·
324 3424 463 3461 oum
515 3415 638 3464 tota
679 3405 856 3467 Curia
901 3404 1106 3463 adesse
1151 3404 1346 3463 voluit
1377 3428 1398 3462 .·
1440 3416 1684 3465 testatus
1729 3408 1796 3463 id

234 3482 408 3545 me.
449 3480 539 3541 II.
1418 3484 1468 3542 Τ
