2434 3992
700 150 1145 217 BnLLAmmt.
1179 159 1184 164 “
1607 146 1736 240 '507

165 262 211 319 in
252 258 467 321 Vestris
510 262 841 335 respective
898 258 1268 319 Dioecesibus
1319 260 1492 319 omni
1537 260 1744 321 studio
1797 273 1844 321 Α
1869 288 1900 321 n
1923 282 1952 321 r«
1973 289 2010 321 σ

161 355 447 413 procurare
480 333 769 395 debeatis.
1835 337 1978 407 ¹744·

73 452 75 489 =
218 408 264 489 3.
294 412 345 468 3.
389 415 593 487 Neque
618 416 737 470 Nos
776 422 985 471 tamen
1006 452 1022 485 .,
1062 413 1167 487 qui
1186 457 1203 483 ‚
1235 420 1309 471 ut
1343 412 1622 489 superius
1645 412 1740 471 ina
1761 421 1859 473 Sed
1885 422 2042 473 variis

73 500 76 515 ¹
163 491 366 545 unimus
387 532 402 560 ‚
444 489 507 545 in
546 487 893 546 mino-ribus
925 486 1125 546 adhuc
1160 489 1446 565 degentes
1461 532 1481 558 ,Α
1519 507 1742 547 munus
1761 486 1966 567 effugiis
1999 554 2010 565 ⁸

161 562 432 622 Secretarii
470 564 771 639 praedictae
798 564 1298 639 Congregationis
1325 563 1582 623 Concilii
1609 567 1740 623 Tria
1764 555 2013 631 deqlman

160 638 357 697 dentini
374 643 741 715 Interpretis
766 638 974 715 plures
996 658 1191 699 annos
1206 639 1508 701 abivimus
1523 685 1539 711 ,
1565 639 1740 700 alios⁴
1764 623 1938 671 '⁰¹⁰⁸‘

160 733 253 789 que
288 732 402 775 non
443 736 674 792 paucos
718 718 947 793 partim
990 716 1053 775 in
1082 718 1483 777 Anconitanae
1519 716 1746 775 Cathe-

159 788 339 865 drnlis,
385 794 611 868 partim
670 794 733 851 in
776 790 1264 869 Metropolitanae
1313 794 1744 874 Bononiensi&

160 869 330 927 Patriae
367 876 586 929 nostrae
634 868 1076 943 dilectissimae,
1118 890 1302 947 quam
1357 868 1558 927 adhuc
1602 870 1743 927 reti-

161 963 367 1011 nemus,
406 945 855 1021 gubernatione
879 945 1115 1005 assidue
1156 946 1592 1020 transegimus»,
1620 965 1746 1005 non

158 1018 367 1095 inquam
414 1026 535 1081 Nos
575 1021 772 1082 latent
814 1020 1167 1097 multiplicis
1213 1018 1452 1096 generis
1490 1018 1745 1095 effugia,

158 1113 241 1169 per
274 1116 400 1173 quae
443 1096 731 1157 nonnulli
762 1097 1066 1175 praedictae
1104 1095 1494 1172 obligationis
1534 1095 1746 1171 imple-

158 1182 393 1231 mentum
430 1172 739 1235 tleclinare
764 1182 1083 1249 satagunt,
1118 1174 1462 1251 quibusque
1490 1172 1750 1249 proinde

160 1259 465 1321 opportune
506 1272 545 1309 a
584 1251 771 1311 Nobis
810 1260 901 1310 est
938 1249 1413 1309 occurrendum.

212 1328 255 1390 §-
290 1322 346 1399 4.
389 1332 595 1401 Quum
632 1329 797 1385 enim
830 1326 1083 1387 Sacrum
1107 1326 1540 1386 Tridentinum
1582 1330 1748 1385 Con·
1841 1330 2013 1383 Etiam

159 1396 327 1461 cilium
345 1448 361 1476 ‚
386 1423 466 1461 ne
492 1403 855 1462 Animarum
888 1422 1037 1463 cura
1072 1402 1446 1478 negligatur,
1467 1421 1588 1461 non
1619 1423 1748 1463 uno
1768 1398 1991 1478 Viffirji,

160 1474 204 1532 in
246 1474 373 1537 loco
428 1480 737 1556 Episcopis
782 1478 1071 1551 mandet,
1120 1491 1194 1539 ut
1245 1468 2018 1555 quotiescumque⁸¹¹¹⁰v¹b¹⁴

158 1570 275 1625 opus
334 1554 568 1629 fuerit,
606 1554 861 1612 idoneos
906 1554 1182 1615 Vicarios
1230 1574 1366 1614 cum
1433 1565 1745 1617 certorum
1769 1533 1842 1583 ¹⁰⁸
1877 1566 1895 1599 ’
1957 1538 2010 1583 εἴ

158 1627 436 1689 fructuum
480 1630 887 1704 assignatione
926 1628 1003 1686 ad
1040 1630 1296 1687 eandem
1334 1650 1545 1690 curam
1577 1652 1744 1693 exer·
1771 1608 2022 1679 ²53⁰P⁰¹⁸⁴

158 1706 383 1781 cendam
434 1704 664 1781 eligant
704 1726 777 1765 ac
812 1704 1143 1781 deputent,
1191 1706 1286 1763 uti
1315 1704 1525 1765 videre
1561 1718 1648 1767 est
1685 1709 1750 1762 in
1770 1681 2042 1797 {2321222

159 1797 268 1839 sess.
306 1780 371 1839 6.
398 1801 457 1840 c.
497 1800 555 1839 2.
588 1801 735 1840 sess·
776 1800 835 1859 7.
872 1801 929 1839 c.
968 1779 1066 1854 5.,
1093 1790 1151 1836 et
1181 1799 1242 1857 7.
1276 1799 1423 1839 sess-
1467 1800 1564 1839 21.-
1600 1804 1656 1842 c.
1684 1780 1745 1841 6.
1771 1798 1835 1846 ad
1871 1797 1928 1847 id
1971 1803 2045 1847 te..

158 1872 269 1915 sess.
307 1856 405 1915 25.
454 1877 511 1914 c.
564 1852 653 1915 16.
670 1880 699 1929 ;
746 1878 871 1917 non
908 1877 1052 1916 raro
1106 1864 1315 1917 autem
1357 1858 1634 1931 eveniat,
1679 1868 1752 1918 ut
1772 1868 1982 1914 nentur.

158 1928 329 2009 aliqua
388 1931 655 1993 Ecclesia
719 1932 1059 1994 Parochiali
1102 1944 1362 1993 vacante
1391 1976 1408 2003 ,
1473 1935 1750 1997 Vicarius

157 2012 353 2081 pariter
380 2008 459 2069 ad
486 2008 793 2086 implenda
825 2008 1175 2087 hujusmodi
1204 2009 1480 2071 Ecclesiae
1518 2030 1705 2072 onera
1731 2058 1749 2085 ‚

158 2102 316 2161 usque
340 2084 417 2145 ad
446 2090 593 2146 novi
620 2088 893 2145 Rectoris
922 2085 1284 2146 electionem
1303 2132 1320 2161 ,
1351 2087 1432 2145 ab
1456 2088 1755 2163 Episcopo

159 2158 407 2236 deputari
442 2162 699 2232 debeat,
737 2162 951 2221 eodem
985 2162 1264 2221 Concilio
1297 2164 1662 2224 Tridentino
1687 2164 1748 2222 id

158 2236 377 2309 jubente
407 2258 553 2295 sess.
598 2236 699 2313 225.
722 2258 860 2312 cap.
896 2234 986 2295 18.
1012 2238 1087 2292 de
1113 2238 1381 2314 Reform.
1404 2262 1430 2309 ;
1468 2239 1752 2299 nonnulli

159 2330 211 2369 ex
236 2314 578 2390 hujusmodi
615 2314 871 2376 vicariis
912 2313 1203 2372 nituntur
1231 2332 1294 2371 se
1333 2312 1492 2387 ipsos
1529 2337 1564 2375 a
1597 2337 1752 2392 prae-

158 2386 293 2450 dicta
332 2390 710 2469 obligatione
756 2388 1121 2449 subtrahere
1143 2434 1159 2461 ‚
1194 2387 1296 2447 vel
1339 2408 1412 2446 ex
1441 2410 1514 2449 eo
1551 2394 1751 2468 quod,

156 2460 425 2527 habituali
452 2488 607 2527 cura
644 2484 829 2543 penes
864 2463 1056 2524 alium
1090 2484 1196 2525 seu
1233 2463 1384 2523 alios
1413 2466 1752 2537 residente,

156 2539 249 2613 ipsi
300 2542 604 2603 actualem
656 2542 977 2601 dumtaxat
1014 2550 1377 2614 exerceant3
1435 2541 1536 2601 vel
1589 2546 1754 2619 quod

156 2615 248 2688 ipsi
290 2618 413 2680 sint
454 2621 537 2680 ad
581 2629 805 2678 nutum
856 2617 1249 2688 amovibiles‚
1297 2614 1396 2676 vel
1439 2616 1518 2677 ad
1568 2618 1760 2678 breve

157 2698 369 2769 tempus
410 2695 764 2774 hujusmodi
810 2714 971 2753 curae
1008 2696 1133 2755 sint
1168 2694 1400 2754 addicti
1439 2714 1458 2752 ἐ
1496 2704 1566 2753 ut
1598 2693 1758 2753 nihil

156 2763 239 2827 hie
279 2769 609 2848 loquamur
647 2772 724 2830 de
771 2770 1055 2831 Parochis
1102 2769 1505 2848 Regularibus
1527 2816 1545 2843 ‚
1583 2772 1690 2847 qui
1721 2792 1758 2829 a

156 2846 417 2917 praedicta
466 2847 879 2925 applicatione
920 2850 1113 2908 Missae
1148 2870 1266 2926 pro
1318 2846 1550 2923 Populo
1601 2867 1758 2906 non*

156 2938 449 3001 nunquam
492 2926 735 2985 -alienos
781 2944 845 2984 se
906 2927 1264 2985 ostendunt.
1305 2930 1522 2999 Itaque
1589 2944 1760 2983 mens

158 2998 384 3073 Nostra,
421 3012 487 3061 et
522 3004 827 3061 sententia
862 3012 989 3074 est,
1023 3003 1200 3061 sicuti
1227 3001 1414 3060 etiam
1451 2999 1686 3076 pluries
1719 3020 1758 3058 a

156 3075 524 3146 praetendatis
560 3076 1153 3155 congregationibus
1176 3079 1516 3155 iudicatum
1541 3077 1660 3135 fuit
1686 3096 1760 3149 aq

159 3148 455 3215 definitum
479 3198 495 3224 ,
552 3156 713 3232 quod
772 3172 981 3213 omnes
1038 3164 1101 3213 et
1148 3150 1404 3229 singuli,
1448 3154 1556 3227 qui
1617 3156 1764 3212 actu

158 3230 500 3292 Animarum
538 3252 750 3291 curam
798 3241 1116 3303 exercent,
1150 3242 1213 3289 et
1251 3248 1376 3288 nou
1421 3227 1761 3288 solamen-

158 3306 311 3365 rochi
335 3354 351 3378 ‚
420 3319 533 3368 aut
585 3308 813 3371 vicarii
868 3306 1194 3383 Saeculares
1216 3350 1234 3379 ,
1295 3324 1513 3367 verum
1576 3306 1762 3363 etiam

158 3380 387 3443 Parochi
416 3430 433 3460 ,
486 3395 595 3445 aut
624 3382 865 3448 ·Vicarii
896 3383 1250 3460 ‹Regulares
1281 3426 1298 3457 ‚
1341 3400 1468 3439 uno
1523 3379 1721 3441 verbo
1743 3426 1762 3454 ,
