2434 3992
631 144 758 210 526
1123 139 1511 204 annmcm
1554 135 1729 200 XIV.

365 264 404 316 P
427 280 456 312 o
479 279 579 312 ivr.
634 251 954 322 viciniori,
1007 268 1158 326 quos
1201 247 1465 310 Romani
1501 245 1811 304 Pontificis
1851 246 1915 303 in
1964 245 2117 304 Urbe
2142 249 2230 308 vi-

378 331 534 383 A-V.
634 329 801 389 cario
870 330 932 386 in
989 323 1421 402 spiritualibus
1482 319 1772 383 Generali
1801 367 1815 391 ,
1872 333 1937 380 et
1985 323 2233 382 Auditori

635 411 976 465 Causarum
1005 404 1206 462 Curiae
1240 407 1513 461 Camerae
1538 397 1902 475 Apostolicas
1928 399 2249 474 praedictis,

633 481 838 560 quoad
876 482 994 540 hoc
1028 479 1434 554 subrogamus
1459 521 1475 548 ‚
1508 496 1619 552 per
1658 475 1903 535 easdem
1947 486 2235 551 praesentes

634 559 1074 619 committimus
1137 566 1198 615 et
1264 553 1628 616 mandamus
1664 597 1680 626 ,
1738 563 2044 630 quatenus
2104 553 2233 612 idem

633 637 900 700 Nuntius
931 679 948 706 ,
986 652 1184 708 eoque
1232 653 1360 691 non
1405 633 1697 690 existente
1722 675 1739 703 ‚
1772 629 2235 706 Archiepiscopus

634 713 964 787 praedictus
990 757 1006 784 ,
1047 708 1350 769 ambobus
1405 719 1610 766 autem
1647 705 2100 780 deficientibus,
2136 707 2234 782 ipse

636 790 900 848 vicinior
933 790 1301 864 Episcopus,
1342 785 1709 844 documenta
1730 829 1747 857 ,
1783 795 1845 843 et
1882 781 2236 859 probationes

637 864 990 943 hujusmodi
1030 863 1369 940 respective
1406 861 1748 936 recipiant,
1793 871 1856 919 et
1900 859 2233 934 admittant3

637 945 858 1020 Eisque
908 941 984 1000 ad
1031 942 1483 1018 praemissorum
1541 935 1827 996 effectum
1881 938 2234 1008 examinatis,

637 1029 826 1096 atque
861 1019 1185 1092 recognitis
1211 1060 1229 1088 ‚
1275 1017 1631 1091 vocatisque
1672 1034 1882 1072 eoram
1917 1033 1984 1071 se
2009 1059 2026 1087 ‚
2062 1022 2118 1072 et
2151 1029 2233 1072 au·
2268 1049 2271 1054 -

637 1095 782 1156 ditis
829 1095 1115 1154 omnibus
1152 1096 1443 1152 interesse
1486 1089 1890 1160 habentibu3‚
1950 1110 2121 1166 super
2146 1092 2237 1148 exi·

639 1174 864 1232 stentia
888 1213 903 1240 ,
925 1183 986 1230 et
1014 1169 1311 1250 qualitate
1333 1170 1860 1244 Jurispatronatus
1891 1165 2237 1243 hujusmodi,

641 1248 1033 1328 ejusdemque
1083 1246 1527 1322 competentia,
1574 1253 1923 1320 opportuna
1990 1243 2241 1314 decreta,

638 1346 748 1385 seu
773 1326 1109 1396 sententias
1148 1325 1584 1398 interponant3
1616 1322 1692 1379 de
1726 1320 1955 1398 quibus
1992 1319 2241 1380 omnibus

641 1403 720 1462 ab
757 1401 986 1460 eisdem
1019 1401 1200 1476 gestis
1227 1445 1245 1472 ,
1280 1419 1350 1458 ac
1392 1399 1469 1457 de
1497 1409 1627 1456 tota
1658 1399 1812 1456 serie
1854 1399 1944 1455 rei
1986 1404 2240 1472 peractae,

639 1475 902 1555 quilibet
963 1497 1178 1535 eorum
1252 1477 1417 1534 intra
1488 1485 1759 1554 quatuor
1824 1474 1903 1532 ad
1972 1495 2241 1532 summum

639 1574 878 1614 menses
901 1551 1317 1628 Apostolicam
1349 1550 1564 1610 Sedem
1599 1553 1936 1609 certiorare
1970 1561 2240 1610 teneatur.

339 1657 411 1707 Et
431 1655 620 1707 „2050
717 1629 774 1710 3.
819 1650 878 1708 7.
922 1630 1042 1688 Ubi
1104 1647 1253 1689 vero
1310 1628 1677 1704 supradictae
1738 1626 1968 1686 Militiae
2030 1633 2244 1702 Magnus

339 1739 433 1774 ηε,
465 1721 756 1782 compro
798 1717 1072 1783 tempore
1130 1706 1418 1780 Magister
1454 1705 1534 1764 ad
1586 1705 1909 1782 requisitas
1954 1707 2240 1763 Commen-

341 1787 551 1840 menda-
643 1782 862 1843 darum
884 1829 901 1855 ,
943 1783 1481 1860 Praeceptoriarum
1510 1828 1525 1850 ‚
1562 1801 1667 1840 seu
1701 1780 2100 1841 Ecclesiarum
2122 1825 2136 1849 ,
2160 1790 2241 1838 aut

340 1873 460 1906 ΝΜ
499 1872 619 1933 09¹¹·
647 1859 1080 1938 Cappellarum
1124 1901 1140 1928 ,
1205 1860 1544 1916 erectiones
1587 1903 1604 1931 ,
1654 1877 1995 1935 earumque
2054 1855 2241 1917 Militiae

343 1922 543 2037 fimf?
645 1937 948 2012 praedictae
1023 1936 1549 2010 incorporationes
1585 1979 1602 2006 ,
1666 1944 1729 1992 et
1782 1934 2197 2009 applicationes
2226 1977 2243 2004 ,

340 2006 431 2104 {fg
499 1995 925 2104 ἔξιθ’ῃεοηοη,
974 2017 1140 2087 juxta
1222 2009 1573 2086 hujusmodi
1631 2009 1915 2069 Judicum
1970 2032 2004 2068 a
2058 2009 2238 2082 Nobis,

341 2099 720 2172 sermome-ut
776 2087 1102 2163 praefertur
1131 2132 1147 2160 ,
1207 2085 1631 2162 delegatorum
1689 2096 1751 2144 et
1806 2086 2238 2162 deputatorum,

343 2189 422 2238 vis
455 2220 472 2250 ‚
514 2188 624 2238 ‚ive
645 2163 891 2223 decreta
911 2206 925 2233 ,
954 2163 1082 2222 sive
1117 2167 1453 2225 sententias
1475 2209 1490 2237 ,
1519 2163 1596 2222 ad
1626 2165 1856 2240 jurium
1880 2174 2239 2240 patronatus,

343 2271 432 2320 per
445 2256 622 2305 Decre-
646 2250 708 2298 et
732 2237 1143 2316 praesentandi
1168 2242 1669 2316 praeservationes
1692 2283 1705 2309 ‚
1734 2261 1841 2300 seu
1872 2243 2057 2300 etiam
2087 2260 2238 2298 reser-

345 2330 475 2372 tum.
645 2319 958 2385 vationeS‚
1004 2327 1066 2374 et
1106 2319 1521 2376 concessiones
1560 2317 1913 2392 devenerit3
1959 2317 2241 2384 volumus,

645 2405 719 2455 ut
747 2393 908 2454 infra
934 2403 1204 2471 quatuor
1226 2396 1502 2465 MenseS,
1520 2394 1570 2451 si
1603 2393 1902 2454 Beneficia
1932 2391 2241 2470 hujusmodi

645 2471 802 2529 citra
843 2477 1080 2530 Montes
1104 2472 1496 2530 constiterint
1514 2514 1531 2540 ,
1560 2471 1609 2528 si
1640 2490 1789 2528 vero
1816 2468 1984 2529 ultra
2013 2477 2240 2539 Montes,

647 2546 808 2605 infra
845 2568 946 2606 sex
990 2553 1225 2606 Menses
1260 2569 1294 2606 a
1346 2547 1445 2605 die
1486 2567 1611 2624 quo
1652 2545 1767 2606 illae
1806 2545 1984 2606 factae
2015 2547 2239 2614 fuerint,

647 2625 1096 2698 praemissorum
1133 2625 1407 2685 omnium
1444 2621 1831 2682 confirmatio
1868 2645 1903 2682 a
1936 2623 2082 2682 Sede
2112 2627 2238 2696 Apo·

647 2699 862 2759 stolica
909 2700 1175 2758 obtineri
1220 2699 1483 2776 debeat3
1528 2707 1727 2774 Quam
1774 2701 2023 2778 quidem
2062 2697 2239 2760 confir-

651 2778 983 2838 mationem
1051 2797 1161 2851 per
1229 2777 1460 2837 Literas
1520 2775 1903 2852 Apostolicas
1963 2780 2022 2835 in
2080 2777 2239 2834 forma

650 2854 858 2914 Brevis
889 2897 905 2922 ,
953 2850 1050 2912 vel
1099 2855 1282 2912 etiam
1326 2875 1437 2930 per
1471 2851 1723 2930 simplex
1764 2859 2082 2914 Decretum
2112 2857 2239 2910 Con·

649 2929 1018 3005 gregationis
1063 2933 1222 2990 Ven.
1260 2935 1551 2988 Fratrum
1604 2935 1965 2991 Nostrorum
1993 2929 2050 2994 S,
2082 2933 2146 2988 R.
2184 2930 2235 2984 E·

651 3003 1070 3065 Cardinalium
1112 3006 1405 3082 negotiis,
1448 3017 1511 3064 et
1550 3006 2098 3066 consultationibus
2132 3003 2234 3078 Epi-

651 3103 976 3159 scoporum
997 3096 1056 3142 et
1076 3081 1467 3158 Regularium
1490 3087 1957 3162 praepositorum
1980 3128 1996 3155 ,
2013 3079 2104 3142 vel
2124 3079 2236 3138 alio·

653 3181 794 3219 rum
837 3159 1482 3228 ConciliixTridentini
1518 3159 1871 3236 Apostolica
1918 3158 2238 3219 auctoritate

652 3241 1069 3312 Interpretum
1093 3283 1109 3306 ,
1151 3236 1421 3314 expediri
1465 3237 2054 3313 posse-concedimus
2080 3243 2132 3291 et
2167 3233 2235 3288 in·

654 3311 973 3388 dulgemus
1000 3337 1018 3370 .·
1046 3319 1254 3392 thue
1285 3335 1355 3372 ea
1394 3314 1639 3374 demum
1676 3314 1966 3389 obtenta,
1995 3318 2232 3388 sequutu-

637 3407 776 3462 que
797 3387 1046 3448 illorum
1067 3437 1084 3466 ,
1111 3393 1215 3468 qui
1237 3391 1534 3451 Beneficia
1557 3391 1913 3468 hujusmodi
1931 3390 2240 3454 obtineant,
