2434 3992
620 162 627 167 ’
652 164 773 227 104:
1162 162 1548 227 BENEmcn
1591 158 1761 228 XIV.

368 280 407 328 P
430 297 461 325 ο
486 296 515 327 s
538 295 589 329 τ.
644 268 1126 331 contradictores
1164 270 1518 347 quoslibet„
1555 282 1617 331 et
1641 268 1898 331 'rebelles
1929 292 2042 349 per
2075 292 2290 333 censu-

392 346 457 395 A·
488 347 582 395 ΠΙ·
646 368 744 405 ras
768 389 782 415 ,
825 358 887 406 et
912 366 1123 423 poenas
1154 346 1630 420 Ecclesiasticas,
1667 346 1907 425 aliaque
1939 361 2290 425 opportuna

644 424 825 499 juris,
868 433 930 483 et
952 423 1097 483 facti
1122 424 1392 483 remedia
1413 469 1430 496 ,
1475 423 1882 501 appellatione
1916 429 2286 501 postposita,

646 500 1086 575 compescendo
1112 545 1130 572 ‚
1165 502 1453 559 invocato
1501 504 1685 559 etiam
1729 501 1808 559 ad
1845 502 2000 575 hoc,
2039 504 2094 561 si
2141 524 2287 579 opus

644 575 868 645 fuerit,
906 577 1129 636 anxilio
1161 576 1402 636 brachii
1435 575 1760 637 saecularis.
2096 620 2108 627 -

406 692 623 743 Comm-
721 650 776 729 3.
818 650 879 710 6.
924 658 1057 713 Non
1092 653 1482 713 obstantibus
1528 652 1918 729 Apostolicis‚
1948 656 2113 713 acin
2140 657 2283 713 Uni-

348 760 437 807 uiis
474 760 616 810 dero·
646 726 1014 803 versalibus,
1069 728 1707 807 Provincialibusque‚
1761 740 1824 789 et
1872 728 2281 804 synodalibus

247 866 256 880 Ι
342 834 443 889 gat.
647 804 934 864 Conciliis
969 806 1150 864 editis
1194 805 1738 882 generalibusque,
1788 805 1888 867 vel
1921 806 2284 883 specialibus

513 910 518 916 ·
646 881 1207 942 Constitutionibus
1272 894 1334 942 et
1413 882 1928 943 Ordinationibus
1963 929 1979 954 ‚
2043 904 2282 943 necnon

643 955 818 1017 dictae
865 957 1183 1031 Ecclesiae,
1241 971 1303 1019 et
1357 960 1632 1019 Nationis
1671 963 2058 1030 Graecorum,
2105 962 2282 1019 etiam

620 1040 990 1109 juramento
1017 1082 1033 1109 ,
1082 1036 1550 1094 confirmatione
1576 1034 1960 1109 Apostolica‚
2005 1035 2106 1094 vel
2139 1058 2278 1113 qua-

638 1112 734 1169 vis
768 1111 1059 1170 firmitate
1091 1110 1211 1169 alia
1239 1112 1545 1172 roboratis
1583 1113 1840 1170 Statutis
1860 1156 1874 1180 ‚
1908 1121 1970 1169 et
2009 1116 2279 1171 Consue-

622 1186 999 1261 -tudinibuS‚
1043 1187 1700 1264 Privilegiisxquoquffi
1737 1185 2002 1246 Indultis
2031 1233 2047 1255 ,
2095 1199 2160 1247 et
2197 1192 2276 1247 Li·

641 1266 789 1323 teris
852 1262 1222 1339 Apostolicis
1284 1266 1347 1322 in
1392 1265 1774 1323 contrarium
1833 1265 2279 1338 praemis'sorum

642 1339 1104 1415 quomodolibet
1132 1341 1461 1409 concessis,
1499 1340 1876 1399 confirmatis
1897 1385 1912 1408 ‚
1939 1350 2004 1397 et
2030 1342 2274 1400 innova-

626 1420 739 1475 tis.
770 1416 1005 1491 Quibus
1026 1458 1039 1483 ,
1068 1416 1392 1487 omnihus,
1422 1427 1484 1475 et
1509 1414 1760 1492 singulis
1780 1460 1796 1489 ‚
1833 1412 2084 1475 illorum
2111 1428 2274 1477 teno-

626 1512 736 1549 res
780 1491 1183 1567 praesentibus
1220 1512 1334 1568 pro
1373 1491 1553 1568 plene
1585 1536 1601 1563 ‚
1655 1503 1718 1552 et
1755 1491 2134 1552 sufficienter
2187 1514 2276 1552 ex-

638 1572 891 1643 pressis,
926 1588 997 1627 ac
1036 1568 1113 1627 de
1137 1567 1336 1629 verbo
1375 1569 1452 1627 ad
1484 1567 1744 1629 verbum
1770 1570 2012 1627 insertis
2051 1568 2273 1629 haben·

637 1654 731 1703 tes
765 1691 780 1716 ,
818 1644 932 1703 iuis
976 1643 1125 1703 alias
1166 1647 1234 1703 in
1281 1664 1392 1703 suo
1430 1644 1655 1703 robore
1695 1646 2117 1719 permansuris
2149 1691 2166 1717 ,
2205 1646 2275 1704 ad

636 1722 1087 1797 praemissorum
1120 1719 1406 1780 effectum
1433 1766 1448 1792 ,
1487 1720 1600 1778 hac
1643 1722 1776 1779 vice
1805 1720 2128 1781 dumtaxat
2153 1742 2271 1797 spe-

639 1796 877 1856 cialiter
899 1842 916 1868 ,
946 1808 1008 1855 et
1038 1818 1313 1873 expresse
1340 1795 1702 1870 derogamus
1719 1842 1735 1867 ‚
1763 1799 2117 1871 caeterisque
2144 1818 2274 1856 con-

374 1886 496 1934 Dat.
534 1882 617 1933 die
639 1876 848 1933 trariis
883 1872 1397 1950 quibuscumque.
1423 1878 1650 1931 Datum
1679 1877 1888 1931 Romae
1924 1873 2089 1949 apud
2139 1877 2271 1932 San·
2385 1886 2387 1978 i

348 1954 424 2003 18·
461 1952 615 2002 Mart·
642 1961 803 2009 ctam
850 1952 1107 2008 Mariam
1159 1954 1453 2025 Maiorem
1515 1948 1629 2007 sub
1681 1948 1932 2009 Annulo
1967 1951 2274 2008 Piscatoris

332 2038 364 2092 ‚¹
379 2018 490 2087 7313·
642 2026 741 2085 die
771 2046 940 2087 xvm.
988 2026 1190 2084 Martii
1223 2028 1667 2085 MDCCXLIII.
1709 2026 2106 2085 Pontificatus
2139 2028 2276 2085 Nos·

643 2104 726 2160 tri
762 2108 947 2161 Anno
997 2102 1232 2161 Tertio.
2383 2104 2386 2231 Ι

1291 2220 1382 2279 D.
1427 2200 1763 2277 Cardinalis
1801 2220 2191 2277 Passionem.

2379 2578 2382 2737 ὡ

1298 2801 1624 2833 ΜΜΜ’ΜΜ
