2434 3992
709 141 838 212 534
1209 145 1597 210 BENEnsorl
1642 139 1817 210 XIV.

443 265 582 314 Pon
603 279 654 314 τ.
709 253 969 316 verbum
1005 255 1247 312 insertis
1288 249 1627 328 habentes,
1672 253 1791 313 illis
1822 251 1974 312 alias
2010 254 2071 313 in
2101 247 2198 315 suo
2232 271 2307 318 ro·-

453 331 522 386 Α.
545 332 614 382 V·
709 331 862 390 bore
951 333 1320 390 erniansuris
1346 377 1363 403 ‚
1428 331 1505 388 ad
1563 333 2019 406 praemissorum
2060 332 2302 393 effectum

708 409 906 484 specia
935 409 1084 480 iter,
1121 417 1182 466 et
1228 421 1502 482 expresse
1537 407 1901 482 derogamus
1928 453 1944 480 ,
1993 412 2301 488 caeterisque

709 486 1032 544 contrariis
1069 483 1582 560 quibuscumque.
2173 532 2179 540 .

497 569 650 621 Fiden
783 559 840 638 §.
869 577 928 638 7.
971 566 1277 619 Caeterum
1302 563 1325 626 ‚'
1354 562 1496 636 quia
1524 559 1700 618 nimis
1722 557 1968 618 difficile
2000 561 2157 620 foret
2180 581 2296 638 prae-

411 643 655 703 praestan-
708 649 910 696 sentes
937 641 1185 696 Nostros
1201 635 1526 711 originales
1557 638 1783 696 Literas
1800 637 1877 694 ad
1896 636 2138 712 singula
2165 636 2294 711 loca,

409 705 475 753 ‘¹⁸
543 709 688 780 ΜΣΝ·
709 712 818 772 ubi
851 734 1004 789 opus
1065 724 1255 786 esset,
1316 713 1589 788 deferri,
1632 711 1955 787 volumus,
2006 724 2079 772 ut
2130 735 2295 774 earum

409 776 680 838 'umPtffl‘
710 793 1112 866 transumptis
1135 792 1319 849 etiam
1362 792 1698 866 impressis,
1740 808 1927 848 manu
1961 789 2191 864 publici
2210 795 2293 851 No·

622 881 632 892 ’
708 869 854 926 tarii
877 867 1235 942 subscriptis
1262 912 1278 936 ‚
1336 878 1397 925 et
1438 865 1634 942 sigillo
1669 865 1927 942 alicujus
1964 873 2219 926 Personae
2249 871 2293 925 in

710 943 1008 1019 dignitate
1023 943 1435 1002 Ecclesiastica
1454 945 1799 1002 constitutae
1821 945 2077 1002 munitis
2092 990 2107 1017 ‚
2130 944 2294 1002 eadem

710 1021 943 1097 ubique
981 1021 1128 1079 fides
1180 1019 1519 1089 habeatur,
1570 1033 1703 1096 quae
1755 1021 1894 1095 ipsis
1924 1021 2293 1095 'praesentibus

711 1097 1085 1170 haberetur,
1128 1098 1182 1154 si
1212 1096 1417 1154 forent
1445 1095 1727 1155 exhibitae
1776 1095 1873 1155 vel
1910 1107 2176 1156 ostensae.

478 1188 688 1240 smctio
786 1171 842 1251 3.
893 1172 946 1231 8.
983 1172 1143 1234 Nulli
1173 1193 1318 1248 ergo
1344 1175 1597 1231 omnino
1620 1173 1943 1231 hominum
1968 1173 2145 1232 liceat
2174 1173 2294 1231 hane

413 1255 655 1306 Poeualiu.
710 1252 999 1326 paginam
1065 1254 1299 1309 Nostrae
1352 1251 1805 1308 constitutionis
1844 1294 1860 1320 ‚
1919 1252 2252 1325 provisionis
2279 1289 2291 1312 ,

712 1329 1116 1386 concessionis
1140 1371 1157 1399 ‚
1195 1325 1717 1397 confirmationi3‚
1762 1329 1992 1384 Statuti
2026 1371 2043 1399 ,
2104 1345 2291 1384 necnon

710 1403 1182 1478 prohibitioniS,
1203 1404 1432 1460 decreti
1462 1448 1477 1476 ‚
1498 1425 1568 1462 ae
1606 1401 1943 1463 voluntatis
1977 1402 2290 1475 infringere,

711 1477 812 1538 vel
863 1482 917 1538 ei
947 1500 1110 1550 ausu.
1145 1481 1471 1538 tem-erario
1498 1482 1826 1538 contraire.
1876 1481 1943 1538 Si·
1976 1482 2112 1556 quis
2132 1489 2290 1538 autem

712 1553 830 1615 hoc
859 1566 1164 1614 attentare
1189 1559 1674 1632 praesumpserit,
1704 1557 2290 1636 indignationem-Om-

713 1634 1051 1708 nipotentis
1097 1635 1239 1704 Dei,
1315 1653 1384 1690 ac
1424 1638 1750 1692 Beatorum
1802 1635 2008 1702 Petri,
2072 1644 2131 1691 et
2163 1629 2289 1690 Pauli

713 1708 1154 1786 Apostolorum
1197 1715 1327 1784 ejus
1366 1729 1429 1767 se
1470 1712 1714 1768 noverit
1764 1711 2167 1768 incursurum.

448 1815 569 1864 Dat.
609 1813 693 1864 die
791 1792 1014 1845 Datum
1047 1789 1256 1846 Romae
1278 1786 1442 1861 apud
1466 1790 1520 1844 S.
1548 1788 1803 1845 Mariam
1826 1792 2129 1862 Maiorem,
2152 1791 2288 1844 Anno

417 1880 499 1945 24,
546 1882 684 1947 Aug,
713 1864 1165 1922 Incarnationis
1203 1864 1531 1920 Dominicae
1568 1862 1891 1921 millesimo
1939 1865 2286 1938 septingente-
2377 1913 2378 1918 ,

365 1972 371 1977 -
422 1947 567 2016 ι744.
713 1939 867 1997 simo
913 1940 1605 2014 quadragesimoquarto
1628 1986 1644 2013 ,
1682 1943 1876 2018 ’Nono‘
1904 1937 2190 1998 Kalendas
2214 1938 2284 1993 Se·
2376 1963 2378 1972 <

712 2015 1009 2089 ptembris
1029 2015 1483 2089 ,‚P0ntificatus
1516 2017 1723 2076 Nostri
1765 2020 1952 2075 Anno
1974 2019 2064 2079 V.

1266 2197 1271 2202 -
1324 2154 1418 2212 D.
1448 2154 1627 2214 Gard.
1654 2155 2045 2213 Passionem.

1416 2275 1423 2285 '
1686 2273 1748 2331 J.
1794 2273 2105 2330 Ducarius.

1378 2411 1529 2476 V1sA
1568 2433 1643 2472 m:
1687 2417 1921 2475 Gonu.-

1270 2537 1329 2591 J.
1373 2536 1451 2591 C.
1482 2509 1724 2591 Bosehi.

1360 2655 1418 2710 J.
1444 2655 1509 2710 B.
1549 2639 1879 2728 Eugenius.

939 2770 1284 2848 Registmta
1318 2769 1384 2824 in
1418 2771 1743 2828 Secu-etam
1786 2769 2079 2828 Breviam.

823 2909 1146 2970 publicata
1187 2909 1283 2967 die
1316 2893 1373 2968 3'.
1408 2906 1757 2986 Septembris
1793 2903 2047 2983 quasdem
2084 2901 2227 2960 anni.
