2434 3992
772 163 1213 245 nmmum.
1677 176 1800 271 '¹293

200 283 307 356 fia,
346 296 406 345 et
438 286 765 361 potestatis
787 286 1171 363 plenitudine
1206 287 1533 347 statuimus
1553 333 1568 358 ,
1607 300 1672 348 et
1697 291 1800 349 de-
1859 302 1905 352 A
1931 318 1960 351 u
1985 298 2067 351 n'b

196 361 509 435 claramuS,
550 363 712 439 quod
742 364 903 421 idem
936 366 1191 423 omnino
1216 370 1345 440 jus,
1389 363 1554 439 quod
1593 366 1802 440 vigore
1899 369 2044 435 ¹744·

196 442 575 498 Decretorum
614 438 992 515 hujusmodi,
1016 440 1173 499 circa
1214 437 1714 515 intelligentiam,
1737 453 1802 500 et

195 533 350 571 usum
405 512 638 572 Indulti
691 513 877 573 Bullae
920 518 1219 575 Cruciatae
1281 515 1556 585 obtinet,
1611 517 1797 577 etiam
1995 571 2006 583 .

192 588 373 665 quoad
401 588 639 665 reliqua
680 589 951 666 eiusdem
983 593 1220 664 generis
1248 590 1495 651 Indulta
1531 593 1792 668 parifor·
1852 570 2100 623 P⁰nt¹f⁶¹

190 667 355 723 miter
370 664 577 727 valere
602 666 827 725 debeat
842 710 860 735 ,
880 676 942 724 et
958 668 1240 725 obtinere
1257 688 1274 741 3
1293 665 1591 729 Volumus
1607 669 1793 729 etiam
1813 654 2054 755 23:⁶22?

180 740 663 815 mprobationem
706 742 1015 800 dictarum
1056 744 1412 817 opinionum
1433 788 1450 815 ,
1491 754 1792 818 quatenus
1816 770 1917 821 hen
1959 771 2004 821 it

188 818 501 892 respiciunt
532 815 998 893 intelligentiam
1018 861 1035 891 ,
1068 830 1130 876 et
1162 834 1341 876 usum
1373 816 1610 877 Indulti
1640 839 1791 895 prae·
1815 839 2019 901 omnia,
2039 842 2094 889 et

187 891 314 951 dicti
378 893 565 953 Bullae
625 896 927 953 Cruciatae
957 924 973 969 9
1036 914 1074 952 a
1129 894 1396 969 praefatis
1466 894 1790 954 Praedeces-
1813 903 2022 968 singula

186 968 399 1027 soi-ibus
466 972 955 1047 proscriptarum
997 1012 1014 1042 ‚
1082 966 1286 1029 locum
1340 968 1618 1030 similiter
1685 970 1789 1030 ha·
1816 969 2088 1046 hf¹i¹¹³m0-

181 1041 341 1117 bcre,
383 1056 691 1120 quatenus
730 1046 971 1105 easdem
1005 1046 1324 1120 opiniones
1355 1056 1418 1105 et
1459 1048 1792 1107 sententias
1815 1036 2091 1086 dandum

182 1121 233 1177 in
271 1122 539 1180 medium
592 1121 858 1199 proferri
912 1122 1297 1197 contingeret
1351 1124 1512 1181 circa
1567 1122 1792 1183 similia

182 1198 341 1255 etiam
392 1196 645 1257 Indulta
668 1242 683 1269 ,
745 1200 872 1258 sive
928 1199 1230 1257 universis
1289 1216 1400 1274 per
1456 1196 1792 1258 Ecclesiam

182 1272 704 1346 christifidelibus,
748 1276 877 1334 sive
900 1273 1082 1333 alicui
1122 1275 1410 1349 Hegioni,
1452 1284 1558 1331 aut
1598 1280 1786 1348 Loco,

180 1350 553 1411 Universitati
578 1394 593 1417 ‚
624 1360 734 1410 aut
774 1352 977 1411 Coetui
1026 1348 1388 1426 particulari
1430 1347 1783 1421 Sodalium,

178 1444 263 1483 seu
306 1428 704 1486 confratrum
733 1473 749 1499 ,
786 1425 1303 1503 quandocumque
1331 1472 1347 1500 ,
1387 1436 1452 1486 et
1504 1425 1782 1485 ubicum-

178 1520 275 1575 que
317 1518 603 1562 concessa
640 1502 737 1563 vel
776 1502 1185 1562 concedenda.

234 1574 283 1654 §.
312 1577 375 1637 6.
412 1585 674 1653 Insuper
694 1577 1075 1637 decernimus
1095 1622 1111 1650 ,
1142 1588 1205 1637 et
1238 1576 1618 1638 declaramus
1639 1620 1654 1648 ,
1689 1580 1778 1651 id,
1802 1579 2084 1654 Εῐοφῦεε,

176 1655 313 1723 quod
354 1654 729 1731 generaliter
768 1653 846 1711 de
870 1652 1133 1714 Indultis
1165 1655 1486 1729 praemissis
1516 1656 1777 1715 sentien-
1802 1653 1854 1696 et
1908 1662 2080 1710 nugu-

176 1728 293 1791 dum
321 1730 464 1789 'esse
506 1736 632 1807 iam
674 1728 968 1801 diximus,
1050 1727 1375 1787 eneraliter
1416 1746 1661 1806 quoque
1686 1734 1778 1789 in·
1802 1714 1880 1762 ¹⁸⁸
1911 1726 2080 1787 perso.

176 1804 547 1883 telligendum
582 1824 707 1864 esse
739 1804 819 1863 de
853 1806 1021 1863 omni
1068 1824 1140 1864 us
1176 1814 1240 1863 ct
1277 1802 1530 1878 singulis
1574 1824 1775 1881 perso·
1801 1793 1971 1894 33ῑῖ
1987 1779 2075 1826 ln-

172 1882 245 1939 nis
261 1926 275 1953 ,
300 1902 441 1959 quae
460 1880 577 1941 sub
603 1880 938 1941 eorundem
967 1878 1362 1940 Indultorum
1397 1882 1780 1941 concessione
1802 1925 2031 1975 compre-

170 1950 603 2036 comprebensae
649 1959 1091 2039 reperiuntur,
1132 1955 1227 2016 vel
1269 1970 1420 2032 quas
1467 1957 1534 2017 in
1577 1958 1776 2033 poste·
1803 1976 2008 2028 henas.

172 2052 285 2094 rum
318 2034 759 2109 comprehendi
800 2035 1155 2109 contingat,
1198 2052 1458 2110 quaeque
1497 2034 1774 2110 supradi-

173 2112 263 2169 ctis
295 2110 561 2171 Induitis
597 2112 688 2169 uti
730 2109 1045 2171 voluerint
1074 2130 1091 2168 ε
1132 2114 1228 2168 Ita
1261 2108 1581 2182 videlicet,
1617 2121 1692 2169 ut
1725 2114 1775 2171 si

172 2185 221 2245 in
252 2185 325 2247 ali
417 2207 454 2246 o
499 2186 747 2247 lndulto
786 2196 913 2245 tam
950 2183 1384 2255 Saecularibus,
1431 2206 1618 2263 quam
1656 2191 1771 2246 Re·-

172 2261 336 2334 gulari
387 2284 457 2323 us
502 2262 812 2323 tribuatur
860 2260 1117 2321 facultas
1154 2259 1414 2335 eligendi
1453 2262 1770 2322 Confessa-

171 2339 303 2399 rium
330 2340 413 2399 ab
433 2339 761 2399 Ordinario
787 2338 925 2397 Loci
952 2334 1368 2413 approbatum
1389 2358 1407 2410 ς
1433 2346 1584 2396 tunc
1608 2344 1769 2398 Con-

170 2413 425 2475 fessarius
462 2418 669 2491 vigore
700 2412 841 2473 talis
878 2412 1318 2485 concessionis,
1357 2414 1484 2470 sive
1515 2433 1550 2471 a
1582 2417 1772 2473 Saecu-

170 2485 294 2562 lari,
337 2494 467 2553 sive
522 2512 558 2551 a
611 2488 897 2567 Regulari
939 2489 1278 2547 Poenitente
1323 2486 1402 2545 ad
1439 2488 1772 2550 audiendas

170 2584 355 2627 eorum
386 2569 718 2643 respective
752 2565 1175 2625 confessiones
1214 2561 1470 2635 electus,
1511 2563 1768 2624 nullate·-

170 2660 263 2701 nns
298 2644 646 2721 hujusmodi
678 2640 1101 2703 confessiones
1134 2639 1351 2698 audire
1389 2637 1620 2710 valeat,
1655 2642 1773 2699 nisi

169 2714 233 2775 ab
262 2720 555 2796 Episcopo
590 2721 939 2777 Dioecesano
966 2727 1031 2775 et
1068 2715 1402 2775 Ordinario
1441 2717 1612 2787 Loci,
1661 2716 1771 2775 ubi

169 2796 455 2856 Confessio
478 2794 831 2870 excipienda
850 2804 973 2864 est,
994 2792 1071 2853 ad
1097 2792 1522 2853 confessiones
1550 2808 1766 2873 appi-o:

168 2866 321 2931 batus
357 2883 421 2932 et
458 2872 786 2947 deputatus
812 2872 1063 2946 existat3
1101 2886 1491 2945 quacumque
1517 2865 1635 2945 alia
1663 2888 1766 2943 apa

166 2946 539 3019 probatione,
590 2957 717 3007 tam
758 2944 919 3005 illius
966 2947 1232 3021 generis,
1283 2964 1466 3021 quam
1510 2952 1769 3019 uterque

165 3024 533 3085 Innocentius
570 3023 1037 3083 Praedeccssores
1064 3021 1340 3097 praedicti
1373 3016 1768 3080 declararunt

165 3114 269 3159 non
290 3099 607 3176 suffragari
624 3142 639 3165 ‚
664 3118 853 3175 quam
889 3118 992 3170 ea,
1017 3099 1067 3156 si
1092 3097 1169 3156 de
1195 3094 1600 3171 Regularibus
1625 3116 1762 3171 aga-

165 3180 277 3244 tur,
317 3197 451 3255 quae
486 3198 523 3237 a
554 3174 687 3237 solo
732 3176 983 3251 proprio
1026 3172 1316 3248 Regulari
1359 3170 1612 3232 Praelato
1655 3172 1766 3233 ob-

164 3256 309 3311 tenta
360 3254 556 3325 foret,
614 3252 869 3311 minime
916 3247 1308 3324 suffragante.
1351 3253 1613 3324 AEquum
1674 3258 1767 3307 est

165 3328 332 3402 enim,
387 3342 451 3389 et
481 3329 709 3389 rationi
748 3328 1270 3396 consentaneum,
1297 3335 1366 3383 ut
1393 3327 1764 3401 quicumque

162 3404 375 3477 ‘Peciali
400 3404 635 3471 Indulti
660 3402 958 3465 beneficio
985 3401 1250 3479 gaudere
1261 3419 1504 3538 ‚Neozgue
1533 3401 1624 3461 uti
1650 3424 1758 3463 vo·
