2434 3992
722 148 1175 215 Bumnmmn.
1631 146 1764 239 ²97

139 254 357 321 modus.
411 243 631 319 Sedula
681 253 903 314 deinde
962 275 1147 330 opera
1194 254 1570 313 eonferenda
1611 300 1630 327 ,
1685 266 1758 315 ut
1812 268 2022 320 Anno

142 330 463 391 istiusmodi
508 330 695 390 dubia
726 366 761 405 ‚-
829 352 921 389 uae
960 330 1181 402 facile‚-
1214 351 1334 407 pro
1355 332 1759 406 ingeniorum
1853 334 2036 404 ¹744·-

142 411 451 474 varietate,
491 406 786 486 disputan,
824 428 861 467 o
901 418 1256 482 emergunt,
1305 410 1552 483 penitus
1595 410 1760 467 inter

145 504 235 545 vos
262 484 639 543 dirimantur
658 524 677 549 ,
721 504 797 543 ne
820 483 1116 543 diuturna
1152 502 1428 559 unquam
1459 484 1758 561 disceptffi

147 562 295 619 tione
337 558 642 619 fluctuent
682 561 915 636 animi3
960 562 1300 634 praesertim
1337 581 1478 619 cum
1510 563 1762 625 Consti·

147 638 399 701 tationes
439 636 579 713 ipsae
617 634 980 712 Apostolicae
1020 654 1271 711 scopum
1291 680 1307 707 ‚
1336 654 1458 711 quo
1497 635 1764 713 tendunt

148 723 337 789 aperte
396 712 826 771 demonstrent
858 756 875 781 ‚
936 722 998 769 et
1056 710 1201 772 illuc
1249 721 1534 787 prompte
1586 712 1766 787 dirigi

151 799 330 865 potest
418 788 664 863 uicquid
708 787 1057 846 dubitando
1095 788 1518 847 interturbare
1561 787 1763 848 videa·

156 877 261 924 tur.
323 870 351 925 1
448 867 499 931 si
545 862 1155 934 animadvertissent,
1211 864 1434 941 quide
1485 866 1768 940 praesenti

157 944 381 1018 negotio
416 940 597 1016 plura
627 940 1032 1011 dubitarunt,
1071 939 1304 1002 nodum
1341 940 1457 999 sibi
1487 939 1768 1001 exsolvis,

158 1028 294 1077 sent.
340 1016 597 1077 Patebat
642 1018 807 1075 enim
842 1014 994 1083 nihil
1024 1014 1189 1087 aliud
1231 1016 1416 1077 Nobis
1461 1017 1526 1077 iu
1565 1019 1771 1076 animo

160 1094 317 1154 fnisse
336 1139 353 1169 ,
380 1114 562 1170 quam
584 1092 872 1153 cohibere
889 1090 1095 1152 vivida
1115 1091 1561 1154 nonnullorum
1573 1094 1770 1152 Theo.

162 1168 415 1248 logor-um
462 1170 733 1245 ingenia,
770 1170 879 1244 qui
903 1169 1160 1227 nimium
1196 1171 1353 1228 sacri
1390 1170 1593 1241 'ejunii
1622 1169 1776 1229 fines

162 1248 583 1322 praetergressi,
626 1256 687 1304 et
727 1266 855 1303 non
892 1264 1111 1320 parum
1151 1244 1328 1304 obliti
1365 1244 1521 1305 ilud
1560 1245 1640 1305 ad
1681 1265 1773 1304 re.

167 1323 468 1383 tinendum
492 1324 557 1380 in
582 1320 781 1381 officio
808 1341 1028 1397 corpus
1055 1321 1356 1383 divinitus
1385 1323 1735 1381 institutum
1758 1367 1774 1394 ‚

168 1398 308 1460 hosti
346 1399 495 1459 huie
538 1400 789 1474 spiritus
820 1397 1227 1458 infensissimo
1268 1397 1775 1466 blandiebantur.

170 1478 361 1536 Statim
402 1474 705 1551 siquidem
740 1476 1177 1551 comperissent
1204 1521 1222 1549 ,
1261 1475 1412 1559 quid
1449 1477 1514 1535 in
1553 1494 1776 1551 propo,

172 1554 278 1611 sitis
304 1551 745 1629 quaestionibus
764 1549 1266 1613 constituendum
1291 1561 1482 1626 esset3
1519 1572 1632 1611 nec
1663 1550 1781 1611 tibi

174 1626 485 1689 molestiam
520 1627 943 1691 exhibuissent
966 1672 982 1698 ‚
1027 1647 1143 1685 nec
1177 1626 1407 1700 Nobis»,
1459 1647 1611 1703 quos
1645 1648 1779 1703 gra.»

176 1706 401 1766 vissimae
441 1703 723 1779 undique
762 1703 1163 1761 circumstant
1186 1722 1385 1775 curae,
1415 1723 1539 1761 non
1561 1722 1787 1779 parum

178 1784 443 1859 temporis
487 1788 887 1856 occupassent
924 1800 941 1837 :
982 1777 1149 1853 quod
1184 1789 1394 1838 tamen
1479 1799 1550 1837 ro
1580 1780 1783 1855 singu„

181 1856 275 1917 lari
326 1868 541 1919 nostro
598 1858 660 1915 in
720 1866 985 1917 vestram
1038 1865 1281 1929 gentem
1322 1866 1418 1915 stu
1468 1857 1560 1923 io,
1603 1866 1668 1915 at
1755 1876 1790 1913 e

183 1955 398 2007 amore,
440 1932 709 1993 libenter
756 1930 1166 2009 impendimus
1210 1932 1290 1991 ad
1338 1944 1576 1993 rectum
1615 1954 1696 1993 vo
1743 1933 1791 1991 is

182 2013 280 2071 iter
318 2009 825 2078 monstrandum,
869 2010 934 2067 in
980 2018 1296 2088 posterum
1337 2008 1520 2071 simul
1566 2030 1789 2088 praeca.

184 2098 370 2149 ventes
396 2134 415 2161 ‚
483 2086 793 2163 quomodo
848 2085 912 2144 in
957 2084 1310 2163 hujusmodi
1355 2088 1793 2165 quaestionibus

188 2164 407 2226 firmare
448 2183 683 2240 gressus
722 2172 959 2232 vestros
994 2162 1061 2220 in
1102 2175 1398 2239 promptu
1431 2167 1537 2225 sit.

246 2238 299 2319 S.
334 2239 395 2318 4.
453 2240 781 2316 Reliquum
828 2247 920 2297 est
942 2283 959 2310 ,
990 2239 1373 2301 Venerabilis
1423 2246 1676 2313 Frater,
1719 2250 1799 2299 ut

190 2315 313 2390 tibi,
350 2318 519 2396 quod
554 2318 813 2377 facimus
857 2333 929 2374 ex
968 2316 1209 2387 animo,
1250 2318 1568 2393 praecipuae
1613 2317 1800 2377 bene..

191 2393 447 2461 valentiae
504 2404 727 2455 nostrae
774 2392 997 2478 pignus
1026 2436 1041 2462 ‚
1084 2389 1503 2467 Apostolicam
1525 2395 1796 2457 Benedi-

193 2471 435 2533 ctionem
474 2480 867 2549 peramanter
910 2470 1363 2541 impertiamur.

254 2552 472 2609 Datum
513 2553 721 2607 Romae
760 2542 925 2621 apud
961 2547 1022 2601 S.
1053 2546 1307 2603 Mariam
1357 2550 1648 2622 Maiorem
1690 2544 1813 2603 sub
1860 2552 1964 2600 Dat
2020 2546 2106 2623 gite

197 2622 451 2684 Annullo
494 2624 814 2684 Piscatoris
864 2619 963 2679 die
1000 2640 1135 2682 vm.
1183 2619 1329 2680 sulii
1373 2624 1804 2685 MDCCXLIV.
1829 2617 1878 2665 8·
1905 2614 2036 2664 Jutn

197 2702 564 2774 pontificatus
594 2701 799 2761 Nostri
838 2701 1023 2756 Anno
1046 2702 1316 2772 Quarto.

718 2838 778 2898 J.
820 2836 1166 2901 Vincentius
1202 2836 1654 2895 Lueehesinius.
1697 2900 1704 2905 ,
1759 2816 1771 2905 J

1759 2740 1766 2751 .
1837 2680 1980 2750 1744-
