2434 3992
815 156 1269 225 BULLARmM.
1414 128 1427 135 „
1741 187 1858 253 199

221 252 496 341 proprio,
533 268 602 323 et
641 284 712 323 ex
761 276 929 325 certa
979 268 1269 341 scientia,
1310 276 1373 326 et
1410 261 1859 329 deliberatione
1918 281 2013 333 An
2038 299 2067 331 ιι
2094 299 2127 331 ο

221 346 448 403 Nostris
463 390 479 416 ,
499 342 698 419 deque
722 340 1086 420 Apostolicae
1111 346 1431 421 potestatis
1447 344 1857 423 plenitudine,
1956 348 2103 418 1744·

219 420 344 481 hac.
369 426 584 489 Nostra
610 433 914 498 perpetuo
932 420 1199 483 valitura
1229 424 1688 484 Constitutione
1712 446 1857 488 con·

221 499 526 557 firmamus
553 545 570 568 ,
608 499 1053 577 approbamus»,
1091 513 1152 561 et
1186 502 1591 570 innovamuS‚
1633 523 1856 579 easque

216 574 682 650 inviolabiliter,
727 588 788 638 et
827 579 1185 639 inconcusse
1240 582 1475 641 servari
1532 578 1853 656 volumuS,

215 664 278 713 et
307 655 690 715 mandamus,

287 729 320 809 §
372 733 428 791 3.
457 738 622 801 Cum
649 744 856 793 autem
876 778 894 807 ,
932 735 1090 794 sicut
1117 738 1241 794 Nos
1266 734 1381 809 ipsi
1410 732 1641 812 pluries
1667 757 1849 813 agno·
1906 739 2158 791 Referam

217 810 442 882 vimu3‚
485 810 636 871 dum
677 811 878 870 adhuc
919 812 982 870 in
1023 810 1369 871 minoribus
1402 816 1758 888 existenteS,
1787 818 1851 875 in
1878 813 2161 859 tuncauaae

215 890 517 959 Romana,
551 898 740 965 atque
776 889 1114 956 uniuersali
1146 890 1553 966 Inquisitione
1590 891 1851 953 Consul·
1874 891 2132 926 ”mmmm

216 967 358 1025 toris
401 987 658 1026 munere
693 965 1139 1041 fungebamur,
1187 970 1253 1027 in
1284 964 1651 1045 'hujusmodi
1692 974 1848 1031 Cau·
1874 942 2103 1062 ‘tliffissz'

213 1063 412 1103 sarum
462 1045 974 1117 tractationibus»,
1027 1065 1162 1121 quae
1207 1064 1417 1105 coram
1465 1050 1648 1106 Sacro
1698 1069 1850 1125 prae-
2086 1044 2101 1061 ⁶

214 1119 378 1181 dictae
417 1124 839 1197 Inquisitionis
871 1121 1198 1183 Tribunali
1220 1125 1537 1199 agitantur
1558 1172 1574 1197 ,
1608 1124 1699 1183 liae
1720 1126 1850 1203 ple-

213 1220 470 1278 rumque
501 1202 884 1277 exceptiones
923 1221 960 1259 a
985 1203 1159 1277 Reis,
1205 1212 1394 1277 atque
1427 1205 1699 1262 Reorum
1728 1206 1852 1265 Ad-

213 1280 436 1338 vocatis
458 1280 726 1357 proponi
751 1278 1025 1355 soleant3
1055 1278 1225 1357 quod
1262 1277 1493 1341 scilicet
1528 1279 1853 1358 subrepta-

211 1376 343 1415 rum
379 1355 862 1431 Particularum,
888 1358 1016 1417 sive
1041 1360 1398 1419 Hostiarum
1434 1364 1817 1421 consecratio
1836 1410 1853 1434 ,

213 1444 266 1493 et
301 1436 770 1511 surripientium
793 1482 808 1505 ,
835 1437 964 1497 sive
994 1438 1445 1513 asportantium
1466 1483 1482 1510 ,
1528 1436 1622 1497 vel
1651 1460 1851 1516 respec-

209 1514 363 1573 ctive
399 1515 806 1573 retinentium
853 1515 1118 1573 intentio
1155 1514 1235 1573 ad
1271 1513 1505 1575 malum
1541 1516 1725 1575 finem
1762 1520 1850 1577 di-

213 1600 400 1662 recta,
455 1593 710 1651 minime
751 1590 812 1649 a'
845 1592 1022 1651 Fisco
1066 1592 1451 1667 probentur3
1493 1604 1557 1653 et
1594 1608 1855 1670 propter

209 1666 553 1746 hujusmodi
589 1670 975 1745 exceptiones
1009 1715 1025 1742 ,
1063 1680 1126 1729 et
1175 1670 1533 1731 deficientes
1568 1674 1633 1731 in
1674 1676 1853 1737 Fisco
1954 1742 1959 1747 ,

211 1748 594 1829 probationes
641 1746 720 1805 ad
766 1746 1009 1805 easdem
1055 1746 1476 1821 repellendas»,
1516 1748 1703 1826 hujus
1754 1774 1850 1827 ge.

210 1828 364 1884 neris
399 1846 613 1885 causas
639 1826 704 1883 in
743 1821 995 1900 longum
1036 1824 1321 1901 protrahi
1362 1826 1721 1901 contingat,
1760 1840 1849 1889 at.

210 1923 318 1979 que
345 1904 534 1963 etiam
561 1904 675 1979 ipsi
699 1898 1036 1979 aliquando
1065 1904 1176 1963 Rei
1201 1899 1569 1962 delictorum
1599 1922 1854 1967 suorum

213 1982 633 2057 impunitatem
655 2026 672 2053 ,
713 1991 821 2039 aut
849 2001 1174 2055 poenarum
1206 1981 1685 2041 minorationem
1718 2004 1851 2059 pes-

214 2060 353 2118 simo
411 2056 692 2134 exemplo
741 2058 1023 2119 obtinere
1089 2060 1513 2136 tentaverint3
1566 2066 1852 2139 Cumque

213 2155 380 2211 super
417 2134 760 2197 relevantia
793 2137 1052 2195 istarum
1098 2141 1559 2214 exceptionum,
1596 2160 1731 2211 quae
1778 2162 1853 2201 ex

207 2213 636 2285 praedictarum
676 2216 1026 2272 Innocentii
1049 2218 1158 2271 XI.
1181 2257 1198 2283 ,
1226 2226 1289 2269 et
1313 2213 1647 2271 Alexandri
1674 2217 1845 2275 VIII.

209 2292 732 2349 Constitutionum
779 2300 1069 2349 contextu
1125 2288 1279 2361 oriri
1336 2301 1731 2363 asseruntur,
1786 2304 1849 2353 et

213 2386 380 2441 super
420 2385 494 2425 eo
513 2410 530 2439 ,
558 2385 637 2423 an
665 2364 808 2438 ipsis
839 2366 980 2423 Reis
999 2410 1014 2435 ‚
1044 2362 1144 2425 vel
1171 2366 1345 2423 Fisco
1370 2367 1575 2439 potius
1611 2370 1846 2429 incum-

207 2442 308 2504 bat
341 2464 500 2504 onus
522 2438 887 2501 conficiendi
915 2440 1314 2517 probationes
1339 2462 1453 2516 pro
1484 2444 1848 2518 supradictis

211 2520 658 2600 exceptionibus
677 2518 1009 2579 fundandis
1025 2564 1040 2587 ,
1059 2517 1153 2578 vel
1174 2520 1509 2593 respective
1527 2520 1843 2585 destruen-

211 2597 328 2673 dis,
373 2607 602 2659 novam
656 2596 736 2655 ali
788 2618 929 2655 nam
987 2594 1466 2656 declarationem
1530 2597 1849 2662 Pontificia

214 2678 568 2737 auctoritate
607 2674 765 2734 suffu
795 2685 923 2734 tam
968 2674 1325 2734 memoratis
1352 2675 1845 2737 -Constitutioni-

215 2751 316 2814 bus
347 2754 600 2833 adjungi
625 2752 1137 2813 desideraretur-t
1167 2752 1411 2811 Idcirco
1450 2754 1571 2811 Nos
1592 2800 1609 2823 ‚
1634 2752 1845 2816 volen-

211 2840 294 2891 tes
335 2835 542 2893 omnia
579 2828 882 2906 sacrilegis
911 2830 1281 2890 Hominibus
1311 2830 1583 2891 adimere
1608 2829 1846 2893 subter-

211 2908 400 2986 fugia,
425 2931 538 2987 per
561 2930 696 2987 quae
721 2908 1054 2985 condignas
1079 2920 1267 2968 tantae
1292 2905 1622 2983 impietatis
1638 2930 1850 2985 poenas

213 2984 540 3060 declinare,
582 2986 682 3049 vel
713 3006 925 3046 earum
967 2988 1451 3047 minorationem
1475 3030 1489 3057 ,
1528 2997 1591 3047 et
1616 2984 1847 3049 relaxa-

209 3064 432 3125 tionem
455 3062 838 3143 praetemlere
855 3110 870 3135 ,
899 3064 997 3125 vel
1023 3065 1309 3124 obtinere
1326 3075 1577 3140 possent
1594 3110 1612 3137 ,
1638 3076 1811 3127 motu
1828 3112 1845 3139 ,

211 3142 451 3203 scientia
471 3191 487 3219 ,
512 3140 959 3203 deliberatione
978 3188 990 3210 ,
1020 3164 1089 3202 ac
1113 3142 1436 3219 potestatis
1461 3142 1846 3218 plenitudine

210 3219 456 3291 paribus
477 3264 492 3290 ‚
547 3231 738 3297 atque
791 3221 979 3279 etiam
1031 3217 1499 3279 venerabilium
1554 3224 1847 3283 Fratrum

211 3295 568 3357 Nostrorum
607 3302 666 3357 S.
697 3302 774 3358 R.
803 3301 874 3355 E.
920 3295 1347 3357 cardinalium
1383 3298 1445 3355 in
1487 3306 1616 3357 tota
1644 3304 1842 3376 Repu·

214 3369 365 3433 blica
391 3376 742 3436 Christiana
779 3374 1072 3435 adversus
1099 3375 1449 3435 haereticam
1480 3377 1849 3453 pravitatem

211 3452 578 3527 generalium
624 3455 1074 3535 Inquisitorum
1122 3476 1157 3515 a
1192 3453 1255 3513 S.
1301 3452 1459 3527 Sede
1505 3454 1847 3533 specialiter
