2434 3992
699 230 706 239 -
776 185 1227 257 BULLAmme.
1685 198 1717 259 4
1734 196 1809 261 15

179 288 615 373 dediscantque
641 296 889 357 tandem
926 298 1152 357 novelli
1181 302 1523 377 Regionum
1562 298 1807 360 illarum
1864 314 1964 371 Aa
1984 330 2101 373 uo·

181 373 413 434 Fideles
459 374 520 433 id
569 374 852 449 horrere,
880 375 1047 451 quod
1075 380 1237 434 Deus
1264 378 1553 452 dignatus
1592 387 1682 436 est
1716 378 1803 437 fa·
1896 379 2051 448 1744:

248 472 333 509 re.
1091 484 1096 491 ·

175 472 244 557 c·e
287 568 304 583 .
342 526 440 583 31.
467 529 908 585 Verumtamen
930 564 950 599 ‚·
985 537 1058 585 ut
1082 538 1417 587 memorata
1448 532 1801 588 Sacramen-
1855 520 2111 577 0⁰⁸⁶&st

175 612 236 660 ta
263 606 390 661 ium
432 600 863 675 praedictorum
924 601 1303 661 abominatio
1359 605 1629 664 suaviter
1656 648 1673 679 ‚
1716 604 1802 665 le·
1828 604 2071 665 Rmmffl'

173 680 458 751 viterque
485 696 558 734 ex
595 696 812 735 eorum
855 680 1076 737 animis
1119 676 1332 740 divelli
1368 681 1557 755 possit
1585 722 1602 748 ,
1648 701 1804 743 neve
1824 662 2090 770 ffssuessg·

173 751 525 830 hujusmodi
559 751 651 810 lex
671 797 686 824 ‚
708 772 843 829 quae
863 752 1408 813 Sacramentalium
1438 774 1617 813 usum
1649 776 1800 831 prae·
1827 738 1985 835 unffi
2040 788 2107 836 ‚d

167 830 424 893 scribit,
467 826 547 887 ad
604 831 858 887 nimiam
913 830 980 887 in
1019 832 1216 907 specie
1243 830 1635 891 severitatem
1666 852 1801 911 exa·
1824 852 1968 901 ,liud
2012 851 2105 903 de-

165 916 264 964 cta
297 951 313 968 ,
365 924 465 963 eas
503 903 808 963 adducere
859 904 1237 965 calamitates
1286 906 1576 967 videatur
1604 949 1620 977 ,
1668 928 1803 984 quae
1828 918 2077 969 connium

163 1000 234 1039 ex
259 976 379 1041 illa
405 1024 423 1052 ‚
451 988 785 1056 tamquam
821 1000 854 1037 e
903 980 1110 1056 fonte,
1162 984 1225 1041 in
1267 980 1561 1041 Ecclesiae
1616 994 1803 1060 atque
1826 984 1951 1034 *die
1970 984 2103 1035 ‹¹⁸2ae

165 1058 480 1115 Missiones
513 1054 918 1115 dimanaturae
941 1058 1435 1132 denunciantur3
1469 1062 1590 1117 Nos
1622 1078 1797 1120 enar·
1824 1066 2041 1126 Ρξθῦδθΰ·

163 1134 320 1191 ratis
357 1132 433 1190 de
451 1132 644 1190 causis
665 1130 1178 1207 dispensationem
1203 1178 1217 1199 ‚
1256 1154 1445 1211 quam
1478 1134 1803 1210 praedeces·
1826 1122 1979 1169 ‘'⁰¹¹''

161 1229 270 1270 sor
302 1211 520 1267 Noster
557 1209 620 1265 in
654 1206 873 1266 Literis
905 1215 1030 1285 jam
1071 1209 1283 1269 relatis
1312 1212 1611 1269 concessit
1631 1256 1647 1283 ‚
1688 1213 1801 1270 ite·

161 1300 310 1344 rum
345 1283 799 1343 concedendam
827 1330 842 1355 ‚
891 1286 1469 1363 prorogandamque
1526 1285 1799 1348 decrevi·

159 1368 303 1419 inus
333 1361 396 1418 in
435 1358 601 1419 aliud
619 1360 984 1421 decennium
1011 1409 1028 1434 ‚
1068 1362 1237 1439 quod
1260 1384 1296 1422 a
1325 1362 1425 1421 die
1457 1361 1615 1422 datae
1646 1383 1798 1439 prae·

155 1436 354 1494 sentis
389 1440 620 1495 Nostrae
672 1437 1033 1513 Apostolicae
1073 1440 1547 1500 Constitutionis
1578 1450 1669 1499 est
1704 1442 1795 1499 in-

153 1512 541 1581 elinandum.

133 1643 140 1648 ,
261 1586 319 1664 §-
363 1588 463 1644 32.
506 1591 592 1644 Ex
619 1604 744 1658 quo
789 1586 882 1643 fas
916 1597 1012 1645 est
1062 1587 1399 1663 intelligere
1427 1636 1443 1660 ‚
1490 1612 1618 1651 non
1662 1611 1799 1651 eam
1852 1610 2093 1665 Praescri-

151 1682 292 1721 esse
321 1661 652 1735 aut-fuisse
689 1670 958 1717 nostram
988 1672 1050 1719 et
1070 1663 1434 1736 Apostolicae
1469 1666 1636 1724 Sedis
1663 1670 1796 1725 sen'·
1818 1679 1899 1729 bit
1940 1679 2063 1745 Epi-

147 1738 462 1806 tentiam,
515 1734 683 1811 quod
715 1732 944 1793 scilicet
971 1734 1196 1795 nullus
1238 1737 1675 1812 dispensationi
1706 1740 1799 1799 lo·
1818 1745 2019 1809 scopin,
2046 1754 2101 1796 et.

145 1832 273 1871 cus
315 1828 444 1869 esse
479 1812 757 1887 possit-in
773 1810 1127 1888 hujusmodi
1157 1815 1482 1873 Sacrorum
1506 1815 1759 1873 Rituutn
1779 1856 1797 1887 ‚
1818 1809 2099 1886 ᾊὲδῡῑῦῦθ-

150 1898 219 1946 et
253 1882 818 1945 -Sacramentalium
868 1889 1164 1960 materia,
1213 1902 1328 1947 nec
1386 1886 1514 1949 ulla
1557 1889 1797 1966 dispen-
1822 1891 1915 1924 ¹¹¹⁸
1972 1892 2099 1942 ‘1¹¹⁰‘

151 1962 338 2023 sandi
383 1962 710 2021 necessitas
737 2007 752 2031 ,
810 1973 918 2021 aut
962 1954 1264 2024 sufficiens
1302 1984 1483 2024 causa
1521 1982 1799 2042 unquam
1821 1940 1979 2059 '¹²:3³2
2007 1958 2065 2047 ‘J‘

153 2036 367 2099 'valeat
399 2035 673 2113 allegari.
706 2042 968 2109 Verum,
1010 2058 1202 2115 quum
1233 2062 1303 2100 ex
1329 2042 1674 2103 rationibus
1694 2051 1793 2103 su'·
1818 2023 2011 2127 gan:

150 2116 368 2189 pen-ius
397 2111 631 2186 allatis,
663 2112 793 2173 ullo
819 2124 999 2190 pacto
1029 2118 1309 2190 permitti
1334 2116 1535 2179 valeat
1556 2164 1573 2193 ‚
1608 2136 1793 2180 vene»

151 2188 388 2247 rabiles
443 2188 598 2248 adeo
641 2192 856 2259 Ritus,
916 2210 986 2248 ac
1029 2191 1329 2251 traditum
1386 2216 1420 2252 a
1462 2197 1792 2269 Patribus«,

147 2276 494 2339 sancteque
530 2265 610 2325 ab
649 2262 914 2324 Ecclesia
954 2276 1264 2326 servatum
1300 2268 1653 2345 hujusmodi
1690 2276 1795 2333 Sa·

149 2340 633 2401 eramentalium
651 2360 830 2399 usum
851 2380 867 2414 ,
883 2337 1131 2417 penitus
1150 2340 1384 2402 aboleri
1406 2360 1424 2419 ς
1464 2344 1561 2405 vel
1579 2366 1794 2410 eorum

151 2415 587 2493 contemptui,
641 2428 750 2477 aut
791 2418 1106 2477 erroribus
1162 2420 1328 2478 circa
1357 2418 1569 2480 eadem
1611 2424 1791 2484 indu·

151 2492 369 2552 cendis
392 2539 409 2565 ,
435 2491 541 2552 'vel
557 2499 680 2571 jam
707 2496 1016 2569 conceptis
1033 2494 1294 2571 amplius
1316 2496 1755 2558 confirmandis
1774 2546 1792 2574 ‚

148 2570 540 2628 occasionem
573 2569 867 2645 praeberi5
901 2570 1130 2631 idcirco
1163 2570 1453 2631 omnibus
1482 2570 1794 2635 dictorum

148 2650 510 2721 Regnorum
548 2646 936 2705 Missionariis
977 2647 1255 2707 districte
1279 2648 1695 2723 praecipimus,
1721 2660 1795 2710 ut

149 2718 276 2779 hac
292 2720 745 2795 dispensatione
766 2722 1027 2799 benigne
1067 2747 1102 2784 a
1135 2721 1615 2799 Nobis'indulta,
1650 2744 1795 2803 nou·

150 2797 274 2855 nisi
315 2798 499 2856 certis
537 2798 602 2857 in
636 2798 908 2873 casihm,
955 2810 1018 2857 et
1059 2822 1201 2859 cum
1242 2800 1443 2875 gravis
1480 2799 1545 2858 id
1586 2822 1790 2863 neces·
1882 2828 1966 2879 Et·
2032 2838 2095 2880 ,η

149 2874 302 2931 sitas
356 2873 696 2948 postulabit
722 2918 738 2948 ,
785 2873 862 2935 de
914 2894 1038 2953 quo
1079 2895 1293 2947 eorum
1352 2878 1791 2939 conscientiam
1812 2865 2043 2946 Malalln-
2088 2914 2093 2921 ·

150 2968 488 3008 oneramus
515 2994 532 3021 ‚
589 2960 883 3025 utantur,
933 2970 1046 3011 nec
1075 2955 1192 3012 nisi
1234 2955 1296 3012 in
1338 2952 1643 3029 praedictis
1690 2974 1789 3016 ca·-
1813 2979 1892 3013 res
1917 2960 1972 3010 in
1998 2961 2094 3013 hac

147 3025 324 3084 sibus
359 3024 562 3085 salivae
599 3046 776 3085 usum
806 3029 866 3086 in
895 3028 1429 3089 administratione
1459 3032 1788 3105 Baptisma-·
1813 3029 2029 3079 ω’ίῑθΐί·

148 3103 228 3159 tis
262 3103 502 3177 possint
537 3104 858 3171 omittere,
885 3114 948 3162 et
966 3104 1235 3165 occultas
1266 3104 1560 3165 adhibere
1593 3106 1783 3166 insuf·
1812 3110 2082 3172 ΡθῖΡθῐέω

149 3176 476 3253 flatione33
510 3177 693 3238 modo
732 3180 775 3237 ii
795 3224 812 3249 ‚
842 3182 1033 3254 quise
1060 3181 1461 3258 baptizandos
1486 3180 1788 3257 offerunt,
1809 3168 2091 3276 ‘'ffssm‘lfff

149 3254 218 3311 in
259 3274 332 3313 ea
372 3273 499 3313 non
535 3256 657 3331 sint
705 3257 1022 3331 opinione,
1077 3268 1152 3317 ut
1189 3258 1445 3317 credant
1485 3256 1741 3319 salivam
1772 3304 1787 3333 ,
1811 3242 2089 3345 ἑυέζὲἱ

147 3340 343 3405 atque
380 3331 818 3391 insufflationes
888 3332 1238 3410 huiusmodi
1292 3335 1564 3409 ineptam
1624 3356 1786 3410 esse,
1809 3360 1999 3411 mma.

148 3416 342 3484 atque
402 3406 782 3467 indecentem
835 3408 1301 3470 sacramentalis
1358 3412 1534 3472 Ritus
1588 3423 1785 3475 metes
1808 3431 1967 3479 tant.⁴
2070 3446 2077 3457 ·
