2434 3992
606 164 733 251 294
1120 160 1514 226 Baxssnic'ri
1559 154 1734 221 XIV.

336 284 431 335 Po
450 282 480 333 ιε’
499 298 549 333 τ.
604 270 823 343 luerit,
862 270 913 327 is
938 268 1322 329 conditiones
1355 268 1418 325 in
1445 265 1656 325 eodem
1687 260 1950 323 Indulto
1969 265 2244 339 praeserfu

356 352 423 417 Α.
445 350 541 403 lv.
606 358 742 423 ptas
776 346 1028 404 omnino
1053 356 1294 419 servet3
1323 362 1522 418 neque
1540 340 1774 400 licitum
1805 350 1898 397 est
1915 343 2246 416 cuiquam,

608 422 1024 483 conditionem
1058 419 1226 479 illam
1255 415 1714 495 approba-tionis
1737 416 2118 476 Confessarii
2141 437 2251 491 per

610 498 729 558 loci
756 496 1159 557 ordinarium
1175 496 1464 555 faciendae
1483 538 1498 565 ‚
1525 493 1652 553 aiio·
1667 492 1856 551 modo
1870 490 2218 567 intelligere
2233 540 2248 564 ‚

610 594 798 651 quam
848 594 921 632 eo
942 618 957 645 ,
996 594 1125 649 quo.
1157 574 1346 647 ipsam
1393 568 1850 645 intelligendam
1895 576 2044 627 esse'
2069 572 2257 628 toties·

611 650 1080 711 Praedecessores
1104 650 1308 707 Nostri
1333 648 1592 705 Romani
1613 644 1966 714 Pontifices,
1996 655 2072 703 ut
2099 666 2252 721 prae-

614 727 867 785 missum
896 736 1029 797 est,
1068 724 1499 783 decreverunt.
1541 728 1816 795 Quorum
1851 725 1974 779 Nos
2004 740 2254 798 quoque

618 802 886 877 vestigiis
929 801 1294 859 inhaerentes
1313 844 1329 872 ‚
1367 798 1682 874 praefatam
1719 798 2146 855 conditionem
2193 800 2254 856 in

621 881 838 937 eodem
890 876 1073 951 plane
1128 897 1344 948 sensu,
1407 894 1590 951 quem
1655 870 1744 931 illi
1806 872 2210 933 tradiderunt
2237 918 2251 945 ‚

622 954 703 1013 ab
743 952 1029 1011 omnibus
1066 963 1128 1012 et
1162 950 1417 1027 singulis
1455 949 1805 1027 hujusmodi
1841 948 2098 1009 Indulto
2141 950 2257 1011 sub

624 1051 695 1089 ea
728 1028 1079 1087 conditione
1110 1048 1392 1087 concesso
1413 1026 1732 1086 utentibus
1751 1072 1768 1098 ‚
1803 1024 2254 1101 accipiendam,

624 1119 688 1167 et
716 1106 1079 1165 servandam
1106 1126 1234 1165 esse
1255 1106 1579 1164 statuimus
1597 1148 1613 1173 ‚
1643 1112 1828 1177 atque
1862 1101 2256 1177 mandamus;

674 1184 1001 1257 uicumque
1035 1179 1123 1240 illi
1152 1182 1411 1250 fuerint,
1447 1180 1646 1255 quiin
1670 1180 1796 1239 vim
1831 1178 2136 1255 ejusmodi
2155 1184 2252 1237 In·

628 1202 792 1317 gulti
822 1258 1274 1317 Confessarium
1313 1256 1428 1315 sibi
1455 1254 1712 1331 eligent,
1743 1256 1868 1315 sive
1897 1253 2256 1326 Saeculareffi

629 1336 757 1395 sive
807 1332 1133 1407 Regulares
1178 1331 1505 1410 cujuslibet·
1551 1330 1801 1390 Ordinis
1841 1341 1902 1391 et
1947 1334 2257 1401 Iastium,

629 1422 755 1468 tam
802 1409 1316 1479 Mendicantium,
1353 1428 1538 1483 quam
1575 1428 1700 1465 non
1745 1406 2258 1478 Mendicantium‚

632 1496 694 1544 et
728 1486 1031 1544 Ordinum
1052 1483 1408 1543 Militarium
1427 1528 1444 1553 ‚
1463 1486 1650 1543 etiam
1683 1482 1908 1541 Militiae
1933 1482 2258 1559 Hospitalis

632 1562 838 1619 Sancti
875 1561 1125 1620 Joannis
1173 1557 1756 1633 Hierosolymitani-,
1795 1578 2034 1619 necnon
2067 1562 2255 1619 Socie-

634 1638 779 1696 tatis
818 1642 993 1707 lesu,
1031 1649 1215 1713 atque
1248 1634 1499 1695 alterius
1525 1638 1792 1695 cu'usvis
1827 1638 2256 1711 congregatio-

636 1714 732 1773 nis
753 1758 771 1786 ,
808 1711 903 1772 vel
928 1715 1271 1786 Societatis,
1301 1712 1544 1771 tametsi
1627 1732 1663 1770 e
1697 1710 1844 1778 illis,
1881 1724 1990 1771 aut
2016 1710 2255 1771 illorum

637 1790 738 1851 vel
762 1787 1032 1862 aliarum,
1062 1788 1275 1867 aliquo
1308 1808 1412 1847 seu
1455 1786 1696 1863 aliqua,
1717 1786 2032 1863 specialis,
2067 1798 2128 1847 et
2165 1808 2256 1847 ex-

636 1886 843 1943 pressa
883 1868 1117 1925 mentio
1160 1864 1736 1941 quomodocumque
1765 1864 2046 1923 facienda
2083 1864 2253 1923 soret.

638 1943 907 2019 Ideoque
944 1942 1402 2007 ConfessioneS,
1452 1951 1512 1999 et
1553 1938 1966 2000 absolutiones
2010 1942 2074 1999 in
2113 1960 2254 2016 prae·

640 2020 837 2077 missis
882 2017 1117 2076 casibus
1154 2016 1336 2077 aliter
1369 2019 1434 2075 in
1466 2027 1782 2093 posterum
1813 2018 2041 2090 factm,
2075 2028 2139 2075 et
2171 2036 2252 2075 re·-

638 2094 905 2169 spective
938 2092 1175 2152 auditas
1224 2114 1333 2153 seu
1371 2093 1746 2169 impertitaS,
1787 2094 1993 2152 irritas
2033 2092 2164 2151 fore
2201 2101 2256 2150 et

640 2166 939 2229 invalidas
974 2168 1394 2245 declaramus;
1421 2180 1484 2229 et
1511 2170 1886 2231 contrariam
1913 2188 2253 2245 quamcum-

641 2264 763 2321 que
798 2246 1187 2321 opinionem,
1223 2252 1472 2323 eiusque
1495 2246 1768 2321 praxim,
1805 2244 2092 2321 deinceps
2129 2264 2254 2321 pro·

641 2320 927 2379 bibemus
966 2342 1037 2380 ac
1083 2322 1490 2399 reprobamus
1511 2366 1530 2395 ,
1578 2332 1896 2398 tamquam
1941 2321 2258 2397 explanatae

643 2398 823 2457 toties
860 2396 941 2456 ab
980 2396 1329 2473 Apostolica
1371 2398 1524 2457 Sede
1551 2398 1890 2471 verborum
1928 2395 2253 2472 intelligen-

643 2475 743 2533 tiae
765 2519 781 2545 ,
828 2492 901 2531 ac
942 2477 1135 2533 menti
1186 2484 1410 2534 nostrae
1436 2520 1452 2549 ‚
1495 2493 1682 2549 quam
1737 2472 1816 2533 ad
1863 2494 2109 2533 omnem
2151 2472 2258 2531 hac

643 2568 827 2625 super
855 2570 921 2607 re
962 2550 1426 2627 ambiguitatem
1450 2548 1789 2625 tollendam
1811 2570 1924 2625 per
1949 2557 2256 2625 praesentes

643 2624 865 2685 clarius
898 2630 1314 2702 exposuimus,
1391 2628 1592 2686 enitus
1620 2626 2072 2687 adversantem.

346 2716 471 2780 Quae
500 2729 625 2780 qua·
720 2702 773 2777 ᾧ.
806 2721 877 2781 ,7.
920 2708 1230 2762 Postremo
1299 2701 1344 2761 il
1372 2702 1456 2761 ud
1531 2702 1906 2761 monendum
1975 2700 2254 2762 existima·

344 2782 421 2857 {eo
472 2780 815 2853 titutum,
861 2777 1014 2837 nihil
1068 2779 1169 2839 hic
1212 2800 1250 2838 a
1297 2779 1484 2839 Nobis
1541 2780 1780 2849 statui,
1835 2788 1946 2837 aut
1999 2794 2252 2853 pronun·

345 2847 402 2896 ¹d
442 2862 506 2896 0¹
538 2847 623 2896 1¹1·
636 2855 793 2913 ,ciari
848 2872 1033 2929 super
1070 2874 1143 2913 eo
1164 2898 1181 2929 ‚
1231 2876 1309 2913 an
1357 2854 1588 2913 seilicet
1625 2856 1691 2913 in
1741 2873 1873 2915 uno
1917 2865 2028 2913 aut
2079 2850 2252 2911 altero

350 2912 621 2963 ‘humum
644 2928 899 2989 Indulto
942 2950 1135 2989 unum
1187 2940 1298 2990 aut
1321 2929 1590 2991 alterum
1632 2950 2040 3005 personarum
2084 2945 2250 3004 genus

347 2979 623 3096 {22:333
644 3004 1116 3081 comprehendi,
1170 3016 1236 3065 et
1285 3028 1566 3084 quaenam
1619 3004 1873 3065 Indulta
1933 3002 2250 3081 specialiter

346 3060 615 3179 refinquit.
643 3080 1045 3159 Regularibus
1068 3080 1391 3159 suffragari
1415 3128 1434 3158 ,
1462 3082 1562 3145 vel
1591 3103 1716 3143 non
1743 3080 2097 3157 suffragari,
2127 3098 2248 3165 cen3

381 3193 625 3245 Exclusis
642 3158 903 3219 sendum
936 3160 1053 3235 sit3
1089 3156 1207 3219 hoc
1237 3162 1403 3219 enim
1429 3180 1500 3219 ex
1527 3159 1882 3236 uniuscujus
1929 3178 2010 3217 ue
2039 3152 2248 3215 Induit»

347 3260 413 3310 ,b
439 3259 624 3311 Indul-
645 3244 861 3295 tenore
890 3280 905 3307 ‚
965 3255 1035 3293 ac
1101 3234 1306 3297 verbis
1361 3235 1774 3311 colligendum
1833 3255 1904 3293 re
1927 3234 2246 3309 inquimus}

344 3332 401 3375 to
452 3326 591 3379 cru.
644 3310 835 3370 firmis
876 3321 1083 3370 tamen
1126 3311 1558 3386 manentibus,
1597 3322 1659 3371 et
1696 3321 1996 3387 perpetuo
2029 3324 2246 3367 mansu-

346 3392 491 3443 ciatae
526 3394 621 3447 Re·
644 3388 727 3445 ris
742 3430 758 3460 ,
782 3386 949 3462 quod
979 3388 1056 3447 ad
1084 3387 1320 3449 Bullam
1343 3390 1648 3449 Cruciatae
1665 3390 1938 3465 pertinet
1957 3432 1976 3463 2
1996 3383 2252 3461 plurium
