2434 3992
660 186 669 195 ’
774 170 1226 237 BULLARIUM.
1475 144 1486 163 ’
1736 180 1816 263 75

194 280 581 359 praemittitur
602 325 619 355 ,
654 276 847 340 Electi
867 326 883 353 ‚
912 281 1039 342 sive
1064 278 1358 341 Postulati
1387 287 1675 359 praetensi
1707 278 1813 349 Pa·
1873 298 1975 359 Aa
1993 320 2081 359 no

194 359 459 419 triarchae
498 358 577 417 ad
615 378 755 434 1103,
805 367 870 416 et
905 357 1319 435 Apostolicam
1350 360 1564 421 Sedem
1605 383 1812 424 recur-
1911 368 2056 435 1742,

193 456 321 495 sum
372 436 667 497 habentes
702 480 719 506 ,
776 430 967 494 e‘nixis
1014 436 1300 511 precibus
1344 451 1684 514 rogarunt,
1741 454 1814 504 ut

192 519 468 591 cujusque
493 512 857 573 electionem
890 512 1232 590 approbare
1251 556 1268 584 ,
1304 524 1503 575 ratam
1540 515 1772 579 habere
1797 568 1813 593 ‚

191 602 251 650 et
282 592 642 651 confirmare
678 634 693 661 ,
738 600 923 667 atque
964 587 1226 650 Pallium
1271 593 1453 650 etiam
1493 599 1809 657 transmit·

191 678 313 727 tere
346 669 418 729 de
453 668 835 745 benignitate
861 712 875 737 ‚
915 678 977 727 et
1004 676 1308 745 potestate
1340 669 1688 747 Apostolica
1717 674 1808 734 di·

188 766 525 822 gnaremur.
921 776 923 779 >

252 820 307 901 §.
352 844 405 883 1.
444 822 754 901 Quoniam
794 832 1001 883 autem
1029 826 1150 881 Nos
1178 864 1191 891 ‚
1225 833 1297 881 ut
1337 824 1400 883 in
1439 844 1621 883 causa
1648 828 1808 889 tanti
1831 854 2003 909 cm„
2023 859 2112 910 de-

188 904 469 961 momenti
513 922 583 960 ea
608 944 625 973 ,
674 920 795 977 qua
846 899 1059 972 decet,
1108 902 1466 961 maturitate
1513 904 1803 983 procede·
1831 926 2029 991 legatur

186 987 344 1037 retur
382 1026 399 1054 ,
456 988 788 1055 utramque
832 977 1196 1037 electionem
1225 1022 1242 1049 ‚
1293 998 1401 1037 seu
1441 972 1802 1056 postulatio·
1827 990 2110 1061 Cong.p·r.

186 1074 308 1119 nem
334 1110 339 1115 .
368 1054 734 1133 particulari
810 1057 1290 1131 Congregationi
1360 1054 1808 1121 nonnullorum
1831 1060 2108 1127 depropag.

182 1132 634 1193 Venerabilium
673 1138 963 1193 Fratrum
1012 1136 1378 1191 Nostrorum
1411 1136 1645 1194 Sanctae
1688 1140 1806 1195 Ro·
1829 1126 1994 1193 Fide,

183 1229 359 1270 manae
370 1210 651 1271 Ecclesiae
672 1208 1095 1270 cardinalium
1123 1213 1378 1287 negotiis
1401 1213 1810 1289 Propagandae

184 1287 334 1347 Fidei
371 1290 847 1366 praepositorum
894 1287 1337 1348 discutiendam
1379 1332 1392 1355 ‚
1455 1292 1806 1350 examinam

181 1363 433 1445 <lamque
459 1368 911 1441 commisimus3
961 1375 1029 1427 et
1059 1363 1418 1427 Cardinales
1455 1367 1640 1427 dictae.
1665 1388 1804 1445 par·

182 1442 441 1505 ticularis
497 1443 1002 1521 Congregationis
1043 1488 1059 1515 ‚
1118 1453 1448 1521 postquam
1489 1447 1672 1506 Viros
1725 1446 1806 1507 ab
1882 1474 1992 1527 Co„
2029 1494 2107 1527 m,

182 1518 383 1581 Electis
438 1520 745 1598 praedictis
794 1524 1003 1579 missos
1034 1566 1051 1591 ‚
1116 1540 1186 1579 ac
1227 1519 1576 1582 defensores
1611 1508 1804 1599 plene
1824 1493 2050 1609 gationis

180 1596 576 1669 audivissent,
628 1618 961 1675 omnesque
1008 1599 1344 1673 scripturas
1380 1619 1496 1675 pro
1537 1610 1676 1659 utra
1725 1622 1802 1662 ue
1823 1610 2105 1663 consilium

180 1686 334 1749 parte
386 1676 723 1755 productas
779 1674 1277 1751 recognovissent
1306 1721 1322 1747 ,
1366 1695 1573 1735 coram
1615 1682 1705 1737 No
1754 1680 1802 1739 is

180 1756 518 1831 congregati
550 1800 565 1828 ,
610 1753 861 1813 attentis
896 1749 1312 1831 peculiaribus
1341 1798 1356 1825 ‚
1412 1762 1476 1834 et
1513 1754 1802 1828 gravibus

180 1828 553 1891 nullitatibus
595 1832 658 1889 in
700 1841 963 1907 utraque
1003 1826 1300 1887 electione
1339 1832 1634 1905 repertis,
1691 1851 1802 1908 per

177 1908 491 1969 concordia
538 1906 824 1983 suffragia
852 1953 868 1980 ,
910 1916 971 1965 et
1008 1916 1156 1967 vota
1198 1918 1610 1979 censuerunt,
1650 1928 1798 1967 neu·

180 1996 319 2046 tram
377 1984 742 2047 electionem
770 2030 787 2057 ‚
844 2002 952 2045 seu
994 1982 1473 2061 postulationem
1508 1986 1803 2047 sustineri

177 2060 383 2125 debere
409 2111 426 2137 ‚
458 2084 663 2141 neque
689 2061 889 2121 locum
914 2059 1430 2131 essealterutrius
1453 2065 1800 2142 sanationi3

177 2140 267 2200 sed
309 2152 650 2218 utramque
700 2138 1062 2211 electionem
1088 2185 1104 2211 ‚
1162 2141 1290 2199 sive
1322 2139 1802 2216 postulationem

178 2216 392 2279 nullam
421 2266 437 2292 ‚
480 2221 757 2283 irritam,
802 2214 1029 2275 nullius
1070 2216 1344 2281 roboris,
1386 2238 1458 2277 ac
1500 2222 1800 2279 momenti

179 2290 315 2371 esse,
357 2317 433 2357 ac
477 2296 647 2367 fore,
679 2291 1016 2363 declarari,
1049 2302 1111 2352 et
1152 2292 1405 2373 haberi3
1435 2315 1504 2353 ac
1537 2297 1798 2373 proinde

178 2372 563 2435 patriarchali
622 2366 898 2431 Ecclesiae
962 2369 1318 2447 hujusmodi
1381 2392 1450 2429 ex
1511 2372 1752 2449 integro
1779 2421 1794 2446 ‚

176 2455 323 2525 juxta
348 2456 566 2519 Sacros
592 2455 873 2511 Canones
900 2489 919 2515 ,
954 2458 1141 2523 atque
1166 2450 1596 2509 inconcussum
1632 2457 1797 2527 Apo.

177 2527 384 2590 stolicae
422 2528 590 2589 Sedis
629 2525 931 2605 praedictae
967 2527 1030 2584 in
1072 2521 1373 2583 similibus
1407 2526 1646 2586 casibus
1674 2539 1796 2603 sty-

175 2602 284 2666 lum
304 2652 323 2677 ,
355 2606 671 2685 provideri
705 2604 927 2663 debere
974 2600 1049 2661 de
1086 2620 1360 2679 persona„
1393 2600 1580 2661 Nobis
1611 2603 1798 2664 bene·
1884 2612 1886 2616 ’

176 2684 328 2755 visa,
377 2695 441 2744 et
488 2692 792 2763 quatenus
847 2680 1268 2758 provisionem
1324 2676 1674 2757 hujusmodi
1723 2681 1801 2741 de

176 2758 367 2838 aliquo
433 2762 728 2823 Antistite
792 2762 1157 2835 cuicumque
1212 2754 1490 2815 Ecclesiae
1551 2756 1801 2818 addicto

174 2835 499 2899 faceremus
521 2885 537 2914 ,
572 2838 735 2899 hanc
756 2882 773 2907 ‚
814 2836 1040 2919 praevia
1078 2834 1386 2918 solutione
1425 2832 1656 2895 vinculi
1689 2838 1796 2895 Ec·
1821 2856 2098 2921 Pontifex,

174 2912 387 2993 clesiae,
430 2932 557 2995 quo
596 2914 881 2987 tenetur,
917 2912 1051 2973 fieri
1084 2912 1334 2973 debere.
1787 2924 1904 2977 'ini
1938 2926 2100 2979 inhae-

238 2995 289 3061 §.
335 3013 392 3051 2.
432 2994 597 3056 Hinc
631 3003 723 3053 est
750 3040 765 3063 ‚
806 2989 972 3070 quod
1006 2994 1161 3065 Nos,
1205 3010 1360 3067 quos
1385 3000 1514 3051 tam
1538 3000 1796 3067 paterna
1817 2994 2012 3061 tendo,
2041 3000 2098 3045 u.

174 3074 416 3141 caritas,
462 3092 587 3149 qua
630 3071 957 3132 Nationem
996 3068 1348 3127 hu'‘usmodi
1388 3068 1798 3144 maximopere
1820 3067 2058 3141 mmmm

173 3145 465 3225 diligimus
486 3192 505 3218 ‚
536 3158 599 3209 et
626 3147 888 3224 amplius
916 3166 1095 3221 comp
1121 3148 1238 3204 ccti
1267 3146 1544 3223 cupimus
1563 3190 1578 3215 ‚
1608 3158 1796 3221 quam
1816 3126 2030 3183 eham·
2103 3208 2112 3215 ,

172 3224 513 3302 Apostolica
572 3227 850 3287 omnium.
915 3222 1317 3291 Ecclesiarum
1375 3220 1697 3283 solicitudo
1759 3212 2065 3317 αὲζξῗυῗῗ

174 3304 475 3364 Pastorum
528 3305 807 3382 Principe
846 3308 987 3363 Jesu
1027 3300 1275 3362 Christo
1333 3297 1521 3359 Nobis
1571 3300 1794 3379 injecta
1818 3330 2012 3385 tionem

174 3380 586 3442 vehementius
638 3392 859 3459 urget,
916 3379 993 3440 de
1046 3386 1397 3439 memoratae
1451 3380 1790 3459 Congrega.
1813 3399 2096 3455 mnam&

174 3458 346 3519 tionis
386 3458 645 3521 consilio
680 3506 696 3536 ,
754 3467 1221 3535 necnon-motu
1277 3455 1569 3595 prssprio,
1611 3468 1674 3518 et
1723 3478 1794 3517 ex
1813 3466 1994 3520 clarat.

1447 3550 1481 3593 2
