2434 3992
228 2686 235 2691 .
315 2649 440 2700 uilio
491 2656 593 2701 etc.

611 204 744 274 444
1168 200 1562 267 Baunmcn
1590 181 1771 266 xlv.

351 329 564 383 Ροιτ.
619 323 790 375 taxat
826 308 1253 373 Sacerdotibus
1312 308 1633 384 loquitur,
1682 305 1793 382 qui
1855 301 1953 365 vel
1997 302 2249 366 Parochi

386 395 548 449 ὼν.
620 400 768 453 sunt
793 432 807 458 ‚
853 387 950 451 vel
1013 388 1363 447 animarum
1412 402 1627 443 curam
1678 390 1964 442 exercent
1990 425 2008 454 ,
2058 388 2249 460 cujus·

619 465 787 527 modi
821 484 967 524 sane
1004 465 1048 522 ii
1101 482 1229 523 non
1262 471 1441 521 erant
1465 503 1481 529 ‚
1518 458 1595 517 de
1630 458 1855 535 quibus
1888 456 2203 534 agebatur
2234 479 2251 519 :

619 541 858 604 sutilem
887 540 1083 614 hanc,
1118 556 1469 615 vanamque
1484 536 2029 612 praesumptionem
2066 534 2251 611 repri-

619 638 788 679 mere
819 617 1036 677 statuit
1070 614 1175 675 fel.
1221 632 1349 674 rec.
1394 611 1800 673 Praedecessor
1834 615 2067 671 Noster
2108 614 2251 670 Gre-

621 696 832 773 gorius
874 698 1031 769 Papa
1073 696 1209 753 XV.
1248 710 1319 749 ac
1362 689 1441 748 de
1456 686 1712 747 consilio
1750 688 2253 763 congregationis

621 773 789 832 Sacri
827 766 1086 830 Concilii
1099 766 1446 826 Tridentini
1462 764 1859 840 InterpretiS,
1896 763 2069 823 edita
2096 768 2248 823 Con-

622 848 980 920 stitutione,
1018 864 1151 920 quae
1183 844 1400 919 incipit
1423 838 1833 913 Inscmtabili,
1870 838 2022 899 data
2070 841 2251 899 Nonis

623 922 946 984 Februarii
978 925 1160 981 Anno
1187 924 1501 977 Incarnat.
1520 917 1853 975 Dominicae
1882 920 2245 977 MDCXXII.

624 998 902 1061 decrevit
946 1016 1016 1056 ac
1074 994 1441 1069 declaravit,
1486 1003 1557 1050 ut
1580 992 1855 1069 deinceps
1899 1002 2032 1049 tam
2065 994 2249 1069 Regu·

623 1077 777 1133 lam
791 1121 809 1150 ,
850 1093 1036 1153 quam
1073 1071 1400 1130 Saeculares
1416 1116 1434 1145 ,
1489 1067 1919 1147 quomodolibet
1960 1070 2205 1144 exemffm'
2223 1112 2239 1142 ,

626 1153 745 1211 sive
793 1153 1133 1207 animarum
1188 1166 1395 1204 curam
1418 1164 1815 1222 personarum
1875 1145 2241 1203 soecuIan'um

625 1226 1010 1287 Mona-‚tenxa
1028 1270 1045 1300 ‚
1070 1244 1178 1281 seu
1204 1222 1499 1281 Domibus
1529 1219 1929 1299 Regularibus
1944 1266 1961 1295 ,
1990 1231 2101 1277 aut
2126 1220 2241 1299 qui-

623 1304 822 1363 busiris
859 1302 997 1360 aliis
1027 1300 1315 1360 Ecclesiis
1331 1344 1348 1371 ‚
1376 1298 1482 1356 vel
1520 1296 1844 1373 Beneficiis
1862 1342 1879 1372 ,
1905 1298 2019 1357 sive
2048 1298 2240 1374 Regu-

625 1378 846 1437 lan'hus
863 1420 880 1449 ,
901 1380 1022 1438 eive
1041 1374 1433 1435 Saecularibus
1466 1374 1899 1432 incumbentem
1912 1383 2211 1431 exerceant
2224 1414 2240 1443 ,

625 1457 745 1515 sive
785 1454 946 1511 'alia's
981 1452 1407 1511 Ecclesiastico
1441 1451 1829 1507 Sacramenta
1846 1495 1865 1523 ,
1906 1462 2017 1508 aut
2066 1469 2242 1507 unum

625 1550 697 1587 ex
739 1530 857 1586 illis
889 1529 1219 1600 miniatum
1243 1571 1261 1601 ‚
1296 1528 1533 1603 praevia
1568 1527 1852 1603 Episcopi
1877 1526 2123 1583 licentia
2138 1570 2154 1598 ‚
2192 1536 2245 1581 et

625 1605 1036 1683 approbatione
1063 1626 1090 1676 ,·
1134 1603 1255 1661 sive
1302 1622 1419 1681 quo
1460 1602 1709 1660 uomodo
1743 1604 1811 1659 in
1847 1601 2029 1661 dictoe
2084 1602 2243 1661 Giroe

625 1683 890 1739 exem-itio
909 1722 928 1755 ,
957 1690 1066 1737 aut
1099 1680 1165 1735 in
1205 1698 1345 1735 eoru
1480 1700 1543 1735 m
1568 1680 2087 1737 Sewmmemomm
2106 1725 2123 1753 ‚
2150 1678 2244 1735 vel

625 1759 879 1833 alicujus
913 1777 986 1814 ex
1013 1756 1132 1812 illis
1145 1754 1654 1831 administratione
1678 1752 1963 1888 dehfacto
1980 1799 2000 1830 ,
2034 1754 2239 1833 absque

625 1835 754 1895 ulla
785 1834 1267 1906 auctoritates-se
1306 1833 1616 1909 ingemnt;
1658 1832 1722 1887 in
1802 1832 1887 1905 is,
1915 1852 2062 1911 quoe
2098 1834 2233 1907 ejus-

625 1910 787 1969 modi
809 1916 1014 1967 'curam
1035 1954 1052 1981 ,
1097 1928 1203 1965 seu
1245 1906 1810 1965 administrationem
1846 1917 2199 1965 concernunt
2214 1949 2229 1975 ‚

623 1985 952 2045 omnimode
965 1982 1399 2057 jurisdictioni,
1426 1984 1755 2041 visitationi
1768 2030 1785 2057 ‚
1811 1995 1873 2041 et
1917 1983 2232 2041 comctzbni

621 2061 970 2119 Dioecesani
983 2058 1297 2135 Episcopi,
1334 2069 1644 2138 tamquam
1680 2060 1849 2118 Sedis
1886 2060 2230 2138 Apostolicae

617 2138 873 2215 dekgati
888 2181 905 2210 ,
927 2135 1108 2210 plene
1149 2136 1214 2190 in
1255 2136 1525 2193 omnibus
1552 2136 1962 2211 subjiciantur.

349 2247 594 2301 Pontifex
691 2212 747 2289 §.
792 2210 856 2286 4.
917 2216 1046 2271 Hac
1091 2214 1512 2273 controversia
1567 2232 1680 2290 per
1721 2214 2233 2274 Constitutionem

315 2316 445 2369 ,ιω
460 2330 592 2383 qua,
617 2288 1330 2365 Gregorianamemedio
1359 2287 1603 2350 sublata
1626 2334 1643 2363 ‚
1682 2308 1805 2349 non
1846 2290 1989 2350 ideo
2020 2289 2099 2349 ab
2113 2286 2234 2348 aliis

317 2384 514 2435 stiones
617 2365 1053 2444 quaestionibus
1095 2375 1158 2423 et
1191 2364 1403 2425 litibus
1424 2367 1585 2425 circa
1623 2366 1787 2426 idem
1828 2382 2040 2427 rerum
2060 2384 2235 2443 genus

315 2450 455 2502 cirea
523 2448 591 2499 ti·
613 2438 1071 2521 promovendis‘
1106 2452 1403 2501 cessatum
1463 2442 1615 2517 fuit,
1680 2441 1988 2521 pluraque
2046 2441 2233 2502 Dubia

315 2516 464 2567 mili·
490 2548 506 2581 2
614 2532 744 2580 tam
781 2521 848 2579 in
899 2517 1493 2595 congregationibus
1528 2522 1763 2578 Sanctae
1802 2524 2092 2581 Romanae
2132 2522 2231 2577 Ec-

313 2600 436 2634 ⁰¹¹¹¹¹
468 2598 591 2635 ⁰⁰¹¹·
614 2597 807 2657 clesiae
845 2594 1265 2655 Cardinalium
1294 2640 1312 2667 ,
1354 2614 1537 2671 quam
1564 2596 1627 2653 in
1669 2595 2001 2657 Auditorio
2029 2600 2193 2655 Rotae
2214 2640 2230 2666 ‚

314 2714 534 2768 definire
613 2676 972 2751 frequenter
1000 2672 1227 2747 agitata
1252 2681 1312 2730 et
1333 2669 1601 2730 resoluta
1616 2672 1873 2733 fuerunt
1898 2716 1914 2748 ,
1954 2676 2113 2733 circa
2134 2690 2229 2748 pe-

314 2781 561 2835 immdit·
613 2750 940 2811 culiarium
967 2747 1379 2826 quorumdam
1408 2758 1656 2807 actuum
1675 2760 1960 2810 naturam
1981 2796 1998 2824 ,
2021 2768 2099 2808 an
2126 2748 2229 2809 sci·

447 2876 452 2879 .
611 2826 758 2887 licet
795 2825 979 2884 iidem
1025 2824 1314 2883 censendi
1368 2835 1569 2884 essent
1626 2826 1704 2885 ad
1745 2829 2092 2887 animarum
2130 2844 2225 2884 cu-

613 2926 742 2963 ram
773 2948 789 2976 ‚
830 2920 933 2961 seu
969 2901 1046 2961 ad
1079 2900 1617 2962 sacramentorum
1646 2903 2229 2964 administrationem

609 2981 960 3057 pertinere3
1007 2987 1070 3036 et
1125 2987 1572 3055 consequenter
1599 3023 1616 3052 ,
1677 3000 1756 3037 an
1812 2982 2133 3057 Episcopus
2168 2977 2227 3035 iu

607 3054 930 3117 visitandis
971 3052 1368 3128 Regularium
1426 3052 1739 3129 Ecclesiis,
1790 3056 2012 3131 quibus
2043 3054 2225 3113 immi·

611 3142 720 3193 net
748 3132 1094 3191 animarum
1153 3150 1303 3189 cura
1354 3148 1757 3206 personarum
1808 3131 2180 3191 saecularium
2207 3172 2223 3199 ‚

609 3218 812 3286 posset
842 3252 859 3281 ‚
905 3225 1016 3265 nec
1075 3226 1188 3279 ne,
1241 3224 1413 3267 suam
1457 3208 1619 3266 circa
1657 3208 2011 3283 hujusmodi
2071 3216 2224 3267 actus

609 3284 1098 3361 jurisdictionem
1139 3286 1457 3359 exercere3
1514 3294 1648 3343 tum
1708 3286 1933 3358 etiam,
1976 3304 2055 3345 an
2118 3282 2222 3341 hoc

607 3371 719 3419 aut
761 3358 914 3417 illud
952 3362 1389 3419 Monasterium
1430 3358 1552 3418 dici
1590 3370 1791 3435 posset
1832 3360 2135 3421 ordinaria
2166 3365 2219 3415 et

605 3432 961 3510 principalis
991 3434 1173 3497 Sedes
1196 3435 1456 3501 Abbatis
1480 3436 1795 3501 Generalis
1812 3480 1831 3513 ‚
1864 3456 1971 3499 seu
2006 3434 2215 3512 Capitis
