2434 3992
588 189 703 235 na
1091 166 1480 233 BENnmc‘rl
1523 162 1698 235 xlv.

316 284 355 335 P
375 304 404 334 0
428 302 455 333 s
478 300 528 333 τ.
583 276 805 335 nandis
824 320 839 347 ‚
871 274 1046 335 Missa
1076 277 1139 335 in
1172 275 1630 336 Pontificalibus
1649 323 1666 347 ‚
1708 276 2073 338 concinente
2092 323 2109 350 ‚
2146 299 2221 339 ac

326 352 511 406 A 111.
582 352 879 429 psallente
926 350 1136 411 schola
1182 358 1561 425 Cantorum‚
1599 352 1851 431 aliisque
1887 355 2222 415 Pontificiae

281 434 493 484 lehrita-
584 440 807 489 nostrae
860 428 1129 505 Capellae
1187 432 1477 489 Ministris
1533 430 2054 505 inservientibus,
2115 451 2221 491 or-

283 510 387 577 tem
440 518 559 580 cpu-
582 506 763 575 dine,
798 524 870 564 ac
922 504 1105 564 modo
1142 506 1304 563 infra
1349 506 1648 579 dicendo,
1684 506 1802 564 rite
1837 517 2174 583 peragatur
2207 554 2222 581 ‚

282 575 499 617 unum.
582 582 1011 659 recolaturque
1048 584 1340 641 memoria
1370 581 1621 641 illustris
1655 583 1956 659 triumphi
1999 604 2227 643 eorum

582 660 896 735 Martyrii,
938 658 1102 735 quod
1142 668 1279 717 toto
1319 664 1653 718 Terrarum
1697 658 1889 730 Orbi,
1925 661 2030 719 sed
2061 680 2223 735 prae-

582 739 759 811 cipue
810 742 1099 796 Romanae
1138 734 1297 795 Urbi
1341 734 1524 795 decus
1577 733 1875 809 contulit,
1919 747 1980 795 et
2019 737 2223 813 digni-

581 823 798 872 tatem.

347 940 564 989 Missam
664 923 720 1001 3.
762 920 824 999 4.
866 923 1141 983 Secunda
1174 923 1362 999 igitur
1387 924 1552 981 intra
1581 924 1880 983 Octavam
1906 921 2005 981 die
2027 966 2042 994 ,
2082 924 2224 984 Mis-

282 1006 559 1055 Pontifica-
586 1020 790 1061 samm
842 998 1134 1059 solemnia
1168 1000 1234 1059 in
1274 997 1732 1059 Pontifiealibus
1781 998 2184 1060 celebrentur
2214 1045 2229 1071 ,

284 1074 385 1121 lem
457 1090 529 1149 se..
584 1076 986 1153 praesentibus
1014 1075 1486 1137 *venerabilibus
1535 1076 1856 1136 Fratribus
1911 1079 2230 1154 Episcopis

284 1140 563 1217 caudaqng,
588 1154 904 1213 Pontificio
928 1152 1181 1213 Throno
1200 1150 1623 1213 assistentibus
1640 1156 1748 1226 ,in
1767 1152 2023 1212 Basilica
2055 1156 2229 1213 Beati

284 1204 559 1321 ωδΒὶζῗἻῖ
585 1229 864 1307 Apostoli
902 1228 1068 1289 Pauli
1089 1232 1203 1291 Via
1246 1228 1544 1301 Ostiensi,
1586 1230 1648 1287 in
1691 1249 1810 1305 qua
1845 1228 2114 1289 celebris
2139 1244 2230 1291 est

284 1289 563 1389 cczhibfflf
586 1309 907 1382 utriusque
934 1305 1211 1381 Apostoli
1240 1306 1533 1365 memoria
1553 1348 1569 1377 ,
1597 1306 1899 1382 saci-mque
1925 1305 2229 1383 Reliquiae

548 1383 945 1455 ‘servantur‚
989 1393 1051 1441 et
1103 1384 1295 1443 veteri
1340 1382 1625 1440 instituto
1658 1380 1946 1443 >solemnis
2005 1385 2232 1443 eadem

586 1458 685 1518 die
724 1462 890 1519 Beati
930 1458 1208 1535 Apostoli
1247 1456 1418 1519 Pauli
1462 1460 1982 1527 commemoratio
2005 1460 2242 1537 recoli-⁸

585 1546 726 1607 tur,
770 1536 961 1612 quisi
1010 1534 1211 1594 adbuc
1253 1536 1468 1597 vivens
1502 1535 1566 1591 in
1612 1536 1819 1593 Terris
1844 1579 1861 1606 ‚
1905 1535 2064 1595 adeo
2103 1542 2225 1596 Ro-

586 1632 799 1671 manos
838 1611 1131 1687 diligebat
1160 1658 1178 1684 ,
1221 1622 1292 1672 ut
1335 1612 1467 1671 sine
1500 1612 1946 1670 intermissione
1989 1632 2227 1672 memo·

588 1690 741 1747 riam
790 1708 1005 1748 eorum
1044 1690 1109 1747 in
1151 1690 1275 1749 suis
1311 1687 1695 1747 orationibus
1727 1687 1994 1760 faceret,
2038 1690 2228 1749 vehe-

587 1776 947 1842 menterque
986 1776 1242 1841 cuperet
1283 1784 1386 1823 eos
1418 1764 1629 1823 videre
1652 1809 1668 1837 ,
1711 1775 1776 1823 et
1811 1763 1887 1823 ad
1931 1784 2038 1823 eos
2079 1786 2228 1825 con·

588 1841 923 1903 firmandos
969 1839 1202 1921 aliquid
1242 1839 1572 1916 spiritualis
1622 1842 1830 1915 gratiae
1869 1842 2231 1918 imperta-13

589 1932 822 1995 quanto
866 1921 1053 1993 magis
1095 1917 1470 1994 sperandum
1513 1927 1635 1991 est,
1666 1916 1832 1991 quod
1868 1918 2057 1995 modo
2081 1923 2228 1977 Bea-

590 2004 689 2053 tus
731 1998 796 2053 in
836 1992 1020 2054 Coelis
1052 2040 1070 2067 ‚
1111 2014 1227 2070 pro
1269 1992 1551 2052 Alumnis
1605 1995 1728 2053 suis
1785 1999 1980 2051 Deum
2047 2014 2233 2055 orare

589 2090 717 2129 non
766 2080 997 2141 cesset,
1054 2090 1351 2145 suamque
1405 2089 1581 2145 opem
1638 2068 1954 2128 humiliter
1985 2070 2232 2147 'postu-

590 2144 859 2207 lantibus
900 2142 1116 2205 afferre
1151 2167 1276 2206 non
1317 2156 1588 2220 recuset,
1636 2155 1707 2205 ut
1743 2148 1806 2205 in
1847 2144 1952 2205 illa
1993 2145 2233 2209 coelesti

591 2222 1037 2282 confirmentur
1093 2221 1375 2282 doctrina
1411 2268 1428 2297 ,
1479 2223 1546 2281 in
1595 2240 1716 2299 qua
1758 2241 1859 2282 eos
1907 2242 2018 2281 ore
2075 2244 2232 2299 su0‚

588 2320 700 2375 per
741 2299 905 2375 quod
935 2299 1220 2360 Christus
1254 2297 1658 2382 loquebatur,
1697 2298 1989 2360 erudivit.

364 2441 538 2491 Teffi,
668 2415 720 2494 §
768 2412 827 2475 5.
868 2418 1075 2477 Tertia
1124 2415 1226 2475 die
1275 2417 1340 2475 in
1391 2413 1654 2475 Ecclesia
1700 2418 1932 2475 Sanctae
1983 2417 2232 2477 Puden-

294 2508 379 2561 die
407 2493 773 2557 iulio-tianae
828 2492 936 2552 fiet
982 2492 1255 2553 solemne
1309 2495 1374 2551 in
1426 2490 1882 2552 Pontificalibus
1917 2496 2183 2553 Sacrum
2218 2542 2232 2567 ‚

287 2574 448 2625 etesia
487 2576 539 2625 S.
595 2570 1148 2630 intervenientibus
1169 2568 1408 2628 dilectis
1440 2567 1578 2627 filiis
1601 2570 2043 2631 Protonotariis
2067 2575 2234 2649 Apo-

295 2642 572 2693 pudentia-
596 2645 817 2705 stolicae
862 2646 1029 2707 Sedis
1065 2667 1135 2706 ex
1180 2665 1440 2705 numero
1493 2646 2020 2725 Pal-ticipantium.
2076 2653 2236 2708 Nam

294 2726 393 2758 ¹¹²⁹·
593 2722 925 2799 perhibent
966 2723 1084 2783 hoc
1125 2721 1260 2782 loco
1299 2722 1482 2781 fuisse
1519 2721 1770 2781 domum
1807 2722 2104 2783 Pudentis
2133 2728 2232 2784 Se-

594 2802 856 2867 natoris,
886 2800 1049 2876 apud
1082 2814 1267 2874 quem
1289 2841 1303 2867 ,
1348 2818 1488 2857 cum
1524 2799 1792 2873 primum
1830 2802 2095 2859 Romam
2129 2802 2239 2861 ad-

594 2878 804 2949 venit,
844 2874 1185 2951 hospitatus
1221 2884 1314 2935 est
1339 2876 1630 2950 Princeps
1651 2873 2090 2951 Apostolorum
2127 2882 2242 2936 Pe··

596 2964 760 3026 trus,
788 2954 893 3029 qui
920 2954 985 3009 in
1010 2952 1227 3011 eadem
1263 2951 1448 3010 domo
1473 2950 1750 3012 Verbum
1782 2953 1891 3010 Dei
1919 2952 2237 3013 Gentibus

596 3030 999 3088 annunciavit
1024 3074 1041 3102 ‚
1098 3047 1300 3087 sacras
1351 3027 1570 3086 habuit
1608 3030 1869 3101 Synaxes
1903 3070 1916 3092 ‚
1972 3032 2235 3090 Sacrum

594 3104 825 3180 pluries
862 3105 1005 3163 fecit
1023 3151 1040 3178 ,
1066 3115 1130 3164 et
1158 3108 1546 3164 Sacramenta
1573 3103 1805 3163 Christi
1831 3102 2232 3166 administra-

597 3183 727 3258 vit3
760 3182 913 3241 adeo
940 3192 1011 3240 ut
1034 3184 1098 3241 in
1126 3202 1196 3240 ea
1221 3188 1378 3259 iacta
1403 3182 1526 3239 sint
1552 3179 2004 3256 quodammodo
2023 3184 2236 3257 prima

596 3260 883 3317 Romanae
930 3258 1205 3318 Ecclesiae
1249 3256 1650 3317 fundamenta
1680 3299 1694 3323 ‚
1759 3257 2037 3337 omnium
2079 3257 2235 3318 alia-

599 3354 739 3392 rum
778 3333 1184 3395 Ecclesiarum
1231 3337 1477 3407 MatriS‚
1531 3343 1594 3392 et
1649 3335 1948 3407 Magistrae
1975 3380 1992 3409 ,
2037 3353 2238 3411 quam

562 3410 875 3488 »superbae
912 3412 1254 3475 inferorum
1291 3424 1483 3489 portae
1517 3410 1961 3475 nonwincunt.
