2434 3992
723 130 1174 237 anamma.
1254 182 1263 191 ·
1654 179 1773 240 201

170 267 302 339 batae
341 298 462 339 non
512 278 778 354 fuerint,
809 281 1009 357 impiis
1051 280 1210 340 tanti
1244 279 1619 341 Sacramenti
1646 284 1775 343 vio·
1835 292 2043 349 Anno

171 356 440 416 latoribus
473 353 780 417 ullatenus
808 357 1128 433 suffragari
1155 354 1438 426 volumus
1457 404 1474 431 ,
1508 378 1633 435 quo
1664 362 1775 419 mi·
1873 357 2021 427 1744.

171 454 264 493 nus
285 434 565 493 omnibus
583 476 600 504 ‚
627 446 690 494 et
707 433 956 513 singulis
973 437 1198 513 poenis,
1226 438 1413 497 etiam
1440 456 1557 511 pro
1576 438 1778 513 prima

173 513 280 571 vice
304 510 650 571 traditionis
690 513 946 573 brachio
979 512 1261 573 Saeculari
1280 560 1295 587 ,
1336 522 1397 571 et
1428 515 1635 588 quoad
1664 520 1773 573 Ec·-

173 587 532 663 clesiasticos,
576 589 1028 665 degradationis
1063 590 1243 651 realis
1264 632 1283 657 ,
1324 601 1386 649 et
1425 591 1777 653 traditionis

173 668 368 743 pariter
407 687 524 743 pro
582 671 784 745 prima
833 670 966 730 vice
1021 669 1277 728 brachio
1328 668 1645 745 Saeculari,
1709 672 1776 731 in

182 744 412 819 praefatis
436 790 453 819 ,
491 754 556 803 et
603 746 1056 821 antiquioribus
1097 746 1607 811 Praedeeessorum
1654 752 1773 807 No-

178 832 445 895 strorum,
488 834 554 881 et
598 825 750 902 juris
800 825 1257 895 sanctionibus,
1298 834 1516 883 contra
1562 822 1774 901 hujus*

179 899 313 959 modi
345 916 664 977 nunquam
713 904 860 961 satis
898 901 1244 973 detestandi
1290 901 1579 975 facinoris
1618 904 1777 963 Reos

180 982 332 1054 juste,
374 998 444 1040 ac
476 980 785 1055 sapienter
816 980 1168 1039 constitutis
1189 1025 1205 1052 ,
1242 978 1688 1056 subjiciantur,
1716 990 1778 1039 et

181 1076 289 1115 cum
328 1054 546 1115 effectu
584 1054 971 1133 plectantur,
1019 1069 1080 1117 et
1115 1061 1485 1132 puniantur.

235 1128 280 1210 S.
305 1129 362 1190 6.
397 1139 806 1194 Decernentes
844 1144 1171 1211 praesentes
1213 1144 1453 1195 nostras
1502 1134 1733 1194 Literas
1758 1174 1775 1209 ,

181 1220 226 1269 et
253 1212 308 1269 in
343 1212 425 1270 eis
485 1222 776 1271 contenta
817 1232 1255 1289 quaecumque,
1301 1214 1487 1271 etiam
1536 1232 1609 1271 ex
1665 1215 2075 1287 eo,Clausulae.
2140 1285 2148 1291 Α

181 1286 310 1362 quod
341 1286 601 1369 quilibet
644 1290 706 1347 in
742 1292 1094 1366 praemissiS,
1131 1310 1239 1368 seu
1284 1310 1503 1354 eorum
1533 1288 1773 1366 aliquo,
2133 1299 2143 1304 '

178 1370 273 1440 ju8‚
303 1364 396 1425 vel
424 1368 714 1426 interesse
757 1366 1050 1427 habentes
1070 1414 1085 1435 ,
1115 1388 1222 1427 seu
1249 1364 1478 1427 habere
1517 1388 1773 1443 quomo·
1808 1371 1815 1377 '

176 1441 372 1501 delibet
413 1444 896 1521 praetendenteS,
943 1448 1208 1523 ‘cujusvis
1248 1455 1473 1519 status,
1510 1444 1772 1521 graduS,

176 1520 426 1595 Ordinis,
465 1523 935 1599 praeeminentiae
955 1568 978 1588 ,,
994 1521 1093 1583 vel
1133 1522 1445 1598 dignitatis
1479 1524 1773 1597 existant,

174 1599 274 1657 sive
315 1597 462 1659 alias
507 1599 820 1676 specifica,
865 1611 925 1657 et
966 1599 1285 1659 individua
1323 1602 1672 1675 mentione,
1710 1613 1775 1661 et

174 1678 520 1752 expressione
561 1676 766 1753 digni,
805 1674 926 1735 illis
975 1696 1098 1735 non
1157 1678 1611 1751 consenserint,
1660 1699 1775 1738 nec

173 1754 233 1812 ad
273 1775 338 1815 ea
380 1757 624 1824 vocati,
674 1765 738 1813 et
771 1753 1005 1826 auditi,
1043 1773 1245 1829 neque
1293 1774 1485 1813 causae
1564 1766 1775 1829 ropter

175 1851 294 1906 quas
333 1831 560 1893 eaedem
593 1834 920 1907 praesentes
960 1831 1418 1905 emanaverint,
1461 1774 1774 1905 adiluctae,

179 1910 467 1970 verificatae
485 1956 502 1984 ,
542 1908 642 1971 vel
667 1907 1063 1982 sufficienter,
1097 1918 1205 1967 aut
1232 1905 1360 1967 ullo
1386 1907 1571 1970 modo
1599 1911 1775 1984 justi*

178 1985 334 2047 ficatae
356 1988 628 2059 fuerint,
647 1997 756 2048 aut
788 2007 857 2045 ex
889 1983 1005 2045 alia
1030 1983 1337 2061 qualibet,
1364 1987 1547 2045 etiam
1620 2006 1773 2047 uari·-
1870 2026 1873 2029 -

179 2066 368 2127 tumvis
411 2064 712 2144 juridica,
765 2073 848 2124 et*
871 2060 1253 2140 privilegiata
1278 2072 1491 2137 causa,
1526 2084 1597 2122 co
1626 2084 1771 2139 ore,

127 2185 134 2193 .
176 2152 460 2217 praetextu,
484 2153 549 2201 et
563 2144 792 2218 capite,
817 2143 996 2202 etiam
1024 2142 1086 2199 in
1108 2142 1529 2219 corporejuris
1546 2138 1771 2217 clause,

175 2216 316 2279 nullo
339 2241 618 2298 unquam
643 2230 916 2289 tempore
947 2218 1023 2277 de
1055 2218 1501 2294 subreptioniS,
1539 2217 1635 2278 vel
1661 2220 1768 2278 ob-

175 2300 476 2373 reptionis,
520 2307 631 2358 aut
677 2294 982 2356 nullitatis
1032 2296 1216 2366 vitio,
1264 2314 1369 2353 seu
1413 2297 1771 2370 intentionis

175 2387 404 2450 nostrae,
457 2386 572 2435 aut
622 2377 912 2434 interesse
979 2370 1345 2430 habentium
1408 2390 1769 2445 consensuS,

175 2450 342 2513 aliove
378 2450 694 2531 quolibet,
737 2453 920 2510 etiam
963 2448 1377 2524 quamtumvis
1418 2456 1671 2525 magno,
1700 2472 1773 2509 ac

176 2528 423 2603 formali,
464 2536 529 2589 et
566 2526 951 2597 substantiali
991 2525 1236 2584 defectu
1280 2527 1519 2598 notari,
1572 2530 1768 2603 impu-

175 2609 351 2682 gnari,
411 2608 709 2685 infringi,
760 2605 1118 2676 retractari,
1175 2604 1241 2673 in
1293 2607 1774 2663 controversiam

176 2688 352 2745 vocari
377 2732 394 2760 ,
435 2696 554 2745 aut'
586 2685 666 2743 ad
708 2685 1003 2753 terminos
1047 2680 1198 2759 juris
1239 2677 1481 2753 reduci,
1521 2699 1627 2739 seu
1664 2680 1770 2741 ad-

173 2782 356 2823 versus
395 2762 531 2823 illas
567 2762 922 2839 aperitionis
952 2760 1108 2831 oris,
1147 2757 1551 2817 restitutionis
1588 2758 1651 2816 in
1678 2758 1773 2817 in·

173 2849 384 2916 tegrum
408 2882 426 2915 ,
465 2840 710 2903 aliudve
733 2837 1176 2919 *quodcumque
1209 2837 1397 2913 juris,
1444 2836 1623 2908 facti,
1672 2832 1771 2896 vel

173 2920 352 2991 gratia:
387 2918 729 2979 remedium
765 2916 1059 2976 intentari
1087 2960 1104 2989 ,
1143 2912 1243 2975 vei
1282 2914 1633 2989 impetrari,
1664 2920 1775 2972 aut

174 2996 334 3056 etiam
387 3007 566 3055 motu
603 2996 775 3072 pari,
814 3004 876 3053 et
915 2992 992 3051 de
1036 2989 1399 3069 Apostolicae
1456 2992 1773 3067 potestatis

173 3069 532 3144 plenitudine
553 3071 735 3133 simili
771 3090 1088 3144 concesse,
1113 3067 1213 3130 vel
1248 3080 1531 3127 emanato
1562 3088 1771 3145 quem-

174 3150 320 3222 piam
348 3153 411 3209 in
449 3150 708 3229 judicio,
741 3146 840 3210 vel
875 3158 1044 3207 extra
1075 3144 1229 3205 illud
1278 3148 1402 3215 uti,
1444 3166 1549 3204 seu
1586 3165 1648 3204 se
1678 3150 1771 3223 ju-

171 3244 304 3285 vare
335 3226 462 3288 ullo
489 3228 672 3287 modo
695 3246 902 3302 posse,-
939 3224 1044 3283 sed
1077 3225 1237 3298 ipsas
1272 3233 1595 3298 praesentes
1618 3224 1785 3281 sem-⁸

173 3321 274 3375 per
319 3305 520 3365 firmas
552 3347 570 3374 ,
631 3304 894 3374 validam,
937 3313 998 3361 et
1051 3300 1317 3360 efficaces
1364 3300 1616 3359 existere
1644 3346 1661 3374 ,
1706 3305 1773 3358 et

175 3380 324 3455 iore,
347 3402 606 3460 suosque
627 3380 932 3459 plenarios
949 3424 964 3455 ,
997 3389 1058 3437 et
1082 3380 1350 3454 integros
1372 3374 1617 3437 effectus
1642 3396 1766 3437 sor-

175 3456 386 3536 ti.1·i,·et
416 3460 728 3538 obtinere,
760 3478 829 3521 ac
864 3458 943 3519 ab
979 3454 1096 3519 illis
1129 3455 1207 3519 ad
1236 3460 1389 3593 ςῦείε
1402 3465 1679 3591 5spectat,
1706 3464 1771 3517 et
