2434 3992
631 222 759 287 424
804 242 814 246 ·
1125 220 1510 285 Bsmzmcn
1554 216 1726 284 xlv.

365 338 576 391 Post.
631 328 937 389 dictorum
979 326 1525 388 sacramentalium
1552 372 1569 401 ,
1609 348 1743 405 quae
1798 330 2101 387 Gentium
2146 324 2258 391 illa·

391 406 459 457 Δ·
483 406 548 457 V·
631 426 771 467 rum
801 406 1020 465 animis
1051 404 1318 463 insidere
1360 404 1590 477 fertur,
1644 406 1870 463 sensim
1906 406 2263 481 emendata,

411 488 610 538 Horum
632 481 880 541 demum
923 481 1002 541 ab
1041 480 1269 540 eisdem
1304 481 1551 555 penitus
1596 480 2042 556 deponeretur.
2085 486 2267 542 Nemo

332 554 598 619 dignm·-
633 559 858 633 quippe
919 560 1200 633 ignorat,
1260 556 1800 615 Sacramentalium
1832 600 1853 628 ,-
1914 558 1995 617 de
2052 560 2267 633 quibus

335 629 436 671 ²⁶¹³
480 656 500 682 ι
560 625 610 671 0¹
633 635 838 709 agitur
864 676 880 706 ,
931 653 1143 702 usum,
1173 634 1303 691 sive
1343 632 1751 691 institutionis
1782 636 2165 710 antiquitas,
2203 655 2263 693 ex

334 687 566 802 {5¹⁶⁷gg’
633 730 756 785 qua
781 712 959 769 Ritus
1001 707 1090 767 illi
1131 710 1196 766 in
1240 705 1569 767 Ecclesiam
1614 708 1877 770 derivati
1922 720 2111 780 sunt,
2152 712 2267 771 sive

335 770 615 869 „amum”
633 784 952 862 multiplex
993 785 1426 857 mysteriorum
1458 785 1859 858 significatio,
1907 802 2043 863 quae
2087 789 2151 844 in
2202 785 2264 844 il-

549 852 564 869 ⁰
633 860 710 921 lis
757 863 1149 930 continetur,
1179 861 1319 919 -sive
1354 858 1620 919 demum
1659 865 1951 920 Romanas
2002 861 2265 922 Ecclesiae

635 940 916 997 omnium
942 938 1242 1013 Magistrae
1272 944 1585 1009 spectetur
1614 940 1947 1001 autoritas,
1982 956 2120 1011 quae
2146 958 2258 997 eos-

634 1012 776 1072 dem
823 1016 886 1072 in
937 1016 1062 1073 suis
1102 1010 1450 1071 Ritualibus
1506 1023 1785 1087 receptos
1832 1012 2264 1074 inviolabiliter

634 1088 950 1154 observari
991 1088 1281 1167 praecepit
1308 1132 1323 1159 ,
1360 1094 1498 1164 iure
1519 1129 1535 1156 ,
1588 1108 1661 1146 ac
1699 1092 1927 1148 merito
1970 1110 2255 1149 veneran-

635 1163 784 1225 dum
829 1186 989 1235 esse,
1023 1168 1454 1241 praecipuoque
1483 1183 1727 1239 vsemper
1768 1167 1837 1223 in
1891 1166 2125 1224 honore
2161 1166 2259 1226 ha·

634 1240 942 1313 bendum,
989 1252 1435 1316 consequenter
1480 1240 1830 1315 incapacem
1873 1262 2117 1317 prorsus
2168 1262 2261 1299 re·

635 1317 929 1391 cipiendae
961 1317 1347 1392 Baptismatis
1366 1318 1595 1375 Gratiae
1614 1336 1755 1375 eum
1792 1337 1952 1389 esse,
1983 1319 2085 1393 qui
2112 1314 2265 1375 falso

635 1390 753 1449 sibi
778 1395 1161 1468 ‚persuaserit
1181 1436 1198 1463 ,
1242 1394 1683 1451 insuffl’ationes
1711 1434 1727 1459 ,
1791 1404 1981 1467 atque
2016 1391 2271 1453 salivam

637 1476 846 1541 aptam
889 1468 1054 1527 haud
1077 1488 1202 1527 esse
1234 1470 1555 1527 materiam
1573 1467 2119 1528 sacramentalium
2158 1488 2262 1526 cae·

636 1545 1054 1603 renio-uiarum
1083 1590 1098 1615 ,
1157 1544 1623 1619 gravissimique
1674 1544 1901 1619 piaculi
1953 1555 2261 1621 expertem

637 1620 1127 1752 xi-ogifuturum,
1170 1620 1276 1695 qui
1322 1621 1408 1679 sic
1452 1621 1733 1695 opinanti
1782 1622 2066 1681 conferre
2116 1618 2263 1679 illud

639 1712 716 1753 au
767 1708 918 1755 eret.
996 1730 1004 1743 =
1303 1716 1309 1721 “

425 1792 584 1857 sape.-
650 1792 660 1809 ’
717 1769 772 1849 §-
805 1773 902 1831 30.
920 1778 997 1831 Et
1027 1790 1401 1847 quamquam
1429 1768 1810 1844 exploratum
1830 1781 2019 1843 esset,
2048 1776 2263 1831 Gentes

340 1860 530 1925 quit-us
555 1874 620 1908 ne
642 1845 777 1907 illas
813 1848 930 1909 hoc
955 1866 1166 1923 pravo
1199 1866 1411 1905 errore
1434 1847 1697 1919 minime
1723 1846 1990 1905 detineri
2008 1893 2025 1920 ,
2060 1847 2161 1907 sed
2187 1846 2264 1905 ob

340 1922 620 1975 sasestCa-
643 1924 707 1982 id
747 1935 989 1984 tantum
1027 1946 1059 1981 a
1085 1922 1524 1997 praedictorum
1566 1922 2112 1983 Sacramentalium
2154 1942 2257 1981 usu

345 1991 602 2041 ihecume.
643 1999 1027 2069 abhorrere,
1071 1996 1240 2071 quod
1267 2000 1541 2071 ingenita
1582 1998 1885 2073 quadam,
1928 2010 2000 2059 ut
2027 2000 2260 2069 ferunt,

341 2073 434 2107 ¹¹⁰⁵
450 2073 620 2107 “¹⁸¹⁶
643 2077 962 2134 aversione
988 2070 1243 2131 salivam
1260 2118 1277 2146 ‚
1311 2072 1779 2150 anhelitumque
1802 2074 2259 2146 abominentur3

643 2169 766 2207 non
822 2151 1050 2208 minori
1112 2158 1321 2207 tamen
1376 2149 1681 2209 industria
1724 2152 1920 2209 Sacris
1988 2150 2261 2211 Ministris

642 2224 1046 2285 adnitendum
1099 2235 1221 2293 est,
1274 2235 1345 2282 ut
1367 2246 1435 2283 ex
1469 2244 1684 2284 eorum
1708 2227 1928 2285 animis
1954 2243 2260 2301 perperam

641 2312 1012 2376 conceptum
1055 2300 1378 2359 horrorem
1401 2346 1417 2373 ,
1464 2302 1861 2377 ineptumque
1894 2304 2261 2362 aversionem

643 2375 962 2437 eliminent
989 2389 1184 2453 atque
1199 2376 1483 2451 ablegant
1510 2398 1527 2435 ε
1556 2375 1737 2436 aliter
1775 2379 2114 2436 timendum
2138 2396 2258 2436 me·

643 2456 766 2514 rito
792 2466 944 2516 esset
965 2498 982 2527 ‚
1027 2474 1109 2512 ne
1142 2452 1389 2511 illarum
1420 2455 1759 2527 Regionum
1780 2454 2103 2529 Neophiti,
2122 2469 2261 2511 eon-

642 2530 886 2589 firmata
923 2532 985 2588 in
1021 2532 1292 2605 ipsorum
1332 2528 1641 2587 mentibus
1670 2530 2022 2607 hujusmodi
2052 2530 2265 2589 abomi-

642 2608 894 2667 natione
919 2652 934 2676 ‚
971 2625 1048 2663 eo
1095 2625 1285 2681 usque
1316 2604 1655 2681 desipiant,
1686 2616 1759 2663 ut
1797 2606 2055 2665 eandem
2084 2606 2281 2663 etiam-

641 2684 1020 2741 trunsferant
1039 2682 1117 2740 ad
1155 2680 1449 2739 miracula
1471 2727 1485 2754 ,
1512 2702 1783 2757 quae-per
1805 2680 2055 2741 salivam
2085 2680 2257 2749 ‚chri-

643 2770 775 2819 stus
820 2756 1192 2831 Redemptor
1240 2762 1459 2815 Noster
1490 2757 1720 2831 edidit3
1765 2758 2085 2833 ipsumque
2124 2774 2261 2831 pro-

535 2898 548 2911 ·
595 2868 600 2875 ·
641 2832 1315 2911 pterea-miraculorum
1340 2836 1401 2891 et
1426 2831 1887 2891 salutis·nostrae
1906 2838 2221 2893 Auctorem
2242 2867 2257 2897 ,

645 2930 770 2985 quo
807 2906 958 2968 nihil
999 2908 1277 2983 prolecto
1322 2910 1507 2982 magis
1540 2910 1796 2983 impium
1827 2908 2255 2983 excogitaripo-

645 2995 795 3056 test,
859 2994 1241 3043 aversentur.
1285 2988 1489 3059 thue
1529 2982 1646 3041 alia
1686 2994 2114 3059 praetereamus
2128 3022 2145 3053 ,
2184 2980 2253 3039 il·

644 3060 754 3121 lud
794 3060 1040 3119 tandem
1079 3080 1204 3117 non
1241 3058 1471 3117 diutius
1510 3070 1601 3118 est
1647 3058 2091 3131 differendum,
2114 3060 2249 3116 utin

561 3171 564 3175 ·
644 3139 872 3213 Regnis
899 3136 1251 3213 Madurensi
1273 3180 1287 3209 ,
1318 3138 1754 3209 Mamm-ensi,
1796 3146 1857 3194 et
1876 3132 2252 3202 mimatensi,

649 3214 942 3288 Baptismi
975 3216 1435 3287 Sacramentum
1478 3212 1595 3269 rite
1616 3212 2247 3287 'sancteque'ministre-

643 3300 784 3359 tur,
815 3288 1028 3346 iisdem
1071 3286 1363 3347 adhibitis
1404 3286 1958 3346 Sacramentalibus
1988 3332 2005 3355 ,
2048 3296 2109 3345 et
2150 3304 2241 3342 eae·

585 3367 596 3387 '
645 3365 972 3435 remoniis,
1011 3363 1235 3440 quibus
1284 3368 1561 3422 Romana
1620 3366 1821 3423 utitur
1862 3361 2152 3431 Ecclesia,
2182 3378 2247 3416 ex

647 3456 771 3512 qua
807 3439 886 3496 ad
933 3444 1160 3498 Gentes
1187 3437 1345 3497 ‘illas
1400 3438 1569 3499 Fidei
1618 3438 1721 3499 lux
1767 3450 2097 3517 propagata
2130 3444 2249 3506 est,
