2434 3992
570 104 593 145 Ι

339 281 378 331 P
396 298 426 329 o
444 294 476 329 π
496 294 545 328 τ.

353 352 417 397 A.
452 348 547 397 111.

603 155 687 225 80
1045 154 1440 221 Bnnamc‘ri
1486 148 1666 223 XIV.
1747 169 1754 176 ·

605 265 801 327 modis
828 310 847 341 ,
880 275 943 326 et
982 263 1246 327 dissidiis
1274 309 1291 339 ,
1322 262 1596 343 paternis
1634 270 1698 321 et
1737 257 1988 321 solicitis
2025 259 2256 321 studiis

606 341 1031 419 intendentes,
1075 364 1147 404 ac
1197 352 1582 420 perspectam
1622 337 1922 399 habentes
1964 340 2256 399 notitiam

606 422 685 481 de
728 422 957 481 eximiis
1004 419 1347 482 virtutibus
1385 418 1816 479 Fraternitatis
1860 427 1982 476 tuae
2031 417 2099 474 in
2141 424 2258 474 tua

608 499 688 560 ad
728 497 957 561 Archie
999 498 1339 576 iscopatum
1373 492 1818 557 Damascenum
1857 492 2257 571 promotione

606 576 862 655 plurimi
891 519 1157 650 halbitis,
1201 594 1444 634 necnon
1482 570 1648 651 quod
1673 577 1767 632 Tu
1786 568 2259 633 venerabilium

604 660 904 715 Fratrum
941 652 1220 713 Nationis
1260 652 1632 713 Maroniticae
1673 651 2038 709 Antistitum
2064 653 2256 707 Deca-

610 752 729 793 nus
764 732 880 805 εἰς,
926 738 989 790 et
1032 729 1198 809 apud
1249 720 1372 790 Nos
1420 727 1832 807 plurimorum
1872 725 1994 787 fide
2037 722 2256 803 digno-

612 830 755 871 rum
816 807 1173 867 testimonio
1229 805 1678 867 commenderis
1713 850 1730 878 ,
1786 815 2120 881 postquam
2179 798 2259 863 de

610 884 1000 965 praeficiendo
1033 883 1231 946 eidem
1269 881 1548 943 Ecclesiae
1591 881 1994 943 Antiochenae
2034 879 2258 959 praedi-

612 975 725 1025 ctae
764 964 1044 1025 Nationis
1081 981 1411 1040 personam
1462 958 1679 1021 utilem
1707 1005 1724 1032 ‚
1775 979 1848 1019 ac
1900 959 2087 1019 etiam
2127 958 2258 1018 fru-

612 1052 927 1113 ctuosam,
970 1061 1114 1100 cum
1159 1037 1375 1098 iisdem
1420 1034 1858 1100 cardinalibus
1896 1035 2074 1096 dictae
2103 1039 2264 1095 Con-

612 1118 980 1196 gregationis
1030 1114 1425 1193 particularis
1472 1114 2002 1175 deliberationem=
2033 1111 2261 1173 babui-

591 1216 752 1256 =mus
781 1193 1138 1271 diligentem
1158 1239 1174 1267 ‚
1209 1197 1300 1253 Te
1335 1213 1370 1254 a
1413 1191 1732 1271 quibusvis
1761 1193 2261 1252 'excommunica-

390 1852 475 1905 Ab
502 1850 599 1903 Ec·

323 1920 601 1972 clesiaeDn-

323 2004 575 2040 maecenas
592 2006 605 2039 ε

324 2056 543 2108 vinculo

325 2122 511 2173 obsolu
524 2149 541 2164 ·

326 2196 459 2240 tum.

619 1275 810 1334 tionis
836 1318 851 1345 ,
890 1271 1336 1349 suspensionis,
1373 1280 1436 1330 et
1475 1268 1822 1344 interdicti,
1851 1266 2110 1345 aliisque
2143 1272 2265 1327 Ec-

615 1349 965 1411 clesiasticis
1010 1348 1332 1411 sententiis
1366 1389 1385 1418 ‚
1443 1347 1720 1407 censuris
1745 1391 1762 1419 ‚
1819 1356 1884 1405 et
1921 1347 2121 1422 poenis
2151 1390 2170 1417 ‚
2213 1348 2265 1405 si

662 1428 843 1488 uibus
881 1423 1346 1503 quomodolibet
1361 1424 1714 1485 =innodatus
1759 1420 1994 1494 existis,
2036 1422 2116 1482 ad
2145 1422 2267 1483 hoc

614 1448 972 1577 dumtaxat,
1012 1512 1086 1563 ut
1126 1498 1450 1562 translatio
1491 1512 1554 1563 et
1594 1499 1905 1579 praefectio
1939 1518 2052 1576 per
2095 1503 2222 1561 Nos
2247 1546 2264 1572 ‚

616 1592 693 1643 ut
725 1582 918 1651 infra,
959 1579 1236 1640 facienda
1255 1625 1272 1653 ‚
1295 1599 1539 1640 necnon
1559 1588 1898 1656 praesentes,
1921 1594 2105 1637 suum
2133 1598 2262 1637 sor·

618 1662 859 1720 tiantur
901 1656 1187 1718 effectum
1212 1701 1230 1732 ,
1276 1655 1500 1735 harum
1531 1658 1686 1717 serie
1727 1652 2115 1717 absolventes
2143 1700 2160 1730 ,
2203 1665 2268 1715 et

620 1735 975 1798 absolutum
1014 1736 1145 1797 fore
1192 1743 1546 1809 censentes,
1592 1754 1662 1793 ac
1715 1753 1752 1792 a
1798 1730 2080 1805 vinculo,
2139 1752 2266 1811 quo

622 1814 801 1876 dictae
840 1810 1116 1875 Ecclesiae
1138 1818 1528 1873 Damascenae
1549 1856 1564 1884 ‚
1599 1812 1700 1870 cui
1725 1830 1917 1888 praees
1937 1854 1954 1883 ,
1993 1811 2228 1870 teneris
2249 1854 2266 1882 ‚

624 1892 701 1953 de
734 1888 920 1952 simili
960 1888 1215 1951 consilio
1253 1899 1316 1949 et
1351 1886 1718 1967 Apostolicae
1769 1888 2096 1963 potestatis
2135 1886 2264 1963 ple-

627 1969 911 2031 nitudine
971 1966 1358 2043 absolventes
1387 2012 1404 2041 ,
1466 1966 1544 2026 ad
1599 1964 1878 2025 eamdem
1935 1963 2270 2025 Ecclesiam

624 2044 1077 2108 Antiochenam
1109 2043 1388 2104 Nationis
1421 2042 1729 2121 praefatae,
1759 2042 1836 2103 de
1871 2040 2132 2102 consi-lio
2152 2085 2171 2115 ,
2205 2052 2270 2101 et

624 2124 947 2201 potestatis
998 2120 1386 2197 plenitudine
1437 2119 1692 2199 paribus
1732 2162 1747 2192 ,
1805 2120 2269 2191 transferimus,

626 2206 837 2277 Teque
858 2196 951 2259 illi
990 2200 1053 2257 in
1081 2195 1498 2258 Patriarcham
1527 2198 1797 2276 ejusdem
1825 2199 2102 2258 Nationis
2125 2217 2271 2274 prae·

628 2277 868 2338 ficimus
894 2322 911 2349 ‚
964 2284 1027 2334 et
1074 2279 1384 2335 Pastorem
1421 2297 1440 2351 3
1493 2296 1707 2337 euram
1743 2316 1758 2343 ‚
1826 2278 2098 2353 regimen
2133 2320 2150 2348 ‚
2209 2284 2271 2333 et

584 2354 1224 2415 ‘administrationem
1291 2352 1469 2412 dictae
1524 2351 1801 2413 Ecclesiae
1864 2351 2271 2414 Antiochenae

625 2432 909 2493 Nationis
942 2430 1249 2508 praedictae
1273 2429 1410 2490 Tibi
1437 2430 1501 2489 in
1537 2428 1960 2507 spiritualibus
1977 2476 1994 2505 ‚
2021 2440 2086 2491 et
2115 2440 2269 2489 tem·

626 2507 945 2589 poralibus
996 2506 1272 2585 plenarie
1312 2507 1798 2583 committendo3
1840 2518 2029 2585 atque
2085 2508 2271 2566 etiam

631 2608 757 2648 non
794 2584 991 2647 solum
1035 2585 1296 2645 liberam
1337 2583 1476 2643 Tibi
1521 2584 1600 2645 ad
1639 2583 2119 2645 patriarchalem
2165 2588 2270 2643 Ec-

513 2736 519 2743 ·
630 2664 877 2727 clesiam
916 2664 1237 2742 praefatam
1280 2661 1644 2722 transeundi
1691 2661 2004 2723 licentiam
2053 2662 2272 2722 tribui-

334 2734 468 2827 ciam
487 2790 611 2843 prae·

632 2764 808 2816 mnS,
846 2742 951 2802 sed
986 2742 1172 2799 etiam
1214 2740 1278 2799 in
1321 2740 1554 2799 virtute
1589 2750 1813 2800 sanctae
1854 2738 2270 2808 Obedientiae‚

335 2850 487 2910 cepto
548 2841 615 2893 (ι,
636 2832 700 2881 et
734 2819 850 2881 sub
888 2816 1334 2893 indignationis
1367 2827 1593 2876 nostrae
1627 2861 1644 2890 ,
1698 2817 1956 2894 aliisque
2014 2816 2274 2877 arbitrio

336 2908 585 2975 capienda

335 2992 537 3045 posses·

337 3044 499 3099 sione.

636 2909 850 2959 nostro
886 2893 1271 2971 imponendis
1299 2895 1496 2968 poenis
1513 2935 1529 2964 ,
1555 2896 1939 2974 praecipimus
1959 2940 1974 2967 ‚
2003 2905 2068 2955 et
2101 2915 2271 2953 man-

636 2976 855 3037 damus
872 3019 887 3046 ,
917 2983 990 3031 nt
1017 2969 1445 3031 Patriarchalis
1465 2970 1741 3032 Ecclesiae
1767 2971 2122 3053 hujusmodi
2138 2990 2272 3048 pos-

636 3056 959 3116 sessionem
984 3090 1003 3116 ,
1046 3050 1257 3108 statim
1309 3068 1380 3107 ac
1419 3061 1746 3124 praesentes
1791 3056 2012 3111 nostrae
2060 3052 2273 3109 Literae

640 3131 719 3191 ad
756 3135 843 3191 Te
891 3128 1294 3204 pervenerint
1328 3170 1346 3198 ‚
1408 3124 1580 3186 nulla
1629 3128 1994 3203 interposita
2047 3130 2222 3186 mo'ra
2257 3172 2273 3197 ‚

640 3208 821 3267 adeas
842 3252 859 3281 ‚
894 3216 956 3265 et
990 3206 1227 3281 capias,
1255 3204 1445 3281 atq'ue
1471 3206 1678 3263 omnia
1703 3250 1720 3277 ‚
1747 3216 1808 3264 et
1828 3202 2071 3280 singula
2099 3210 2236 3282 jura
2255 3248 2271 3273 ‚

639 3284 1071 3345 auctoritatem
1092 3328 1108 3356 ,
1130 3290 1497 3358 potestatem
1515 3327 1530 3363 ²
1557 3283 2080 3359 praeeminentiam
2097 3326 2112 3349 ,
2137 3299 2278 3357 prae·

640 3363 947 3437 rogativas
972 3406 989 3433 ‚
1029 3358 1516 3437 jurisdictionem
1549 3400 1564 3428 ,
1608 3357 1929 3436 privilegia
1967 3403 1983 3431 ,
2037 3357 2276 3435 aliaque

641 3437 990 3517 hujusmodi
1044 3436 1123 3496 ad
1166 3434 1587 3497 Patriarcham
1633 3436 1810 3499 dictae
1849 3432 2278 3498 Patriarchalis
