<?xml version="1.0" encoding="UTF-8"?>
<!DOCTYPE html PUBLIC "-//W3C//DTD XHTML 1.0 Transitional//EN"
    "http://www.w3.org/TR/xhtml1/DTD/xhtml1-transitional.dtd">
<html xmlns="http://www.w3.org/1999/xhtml" xml:lang="en" lang="en">
 <head>
  <title>
</title>
<meta http-equiv="Content-Type" content="text/html;charset=utf-8" />
  <meta name='ocr-system' content='tesseract 3.04.00' />
  <meta name='ocr-capabilities' content='ocr_page ocr_carea ocr_par ocr_line ocrx_word'/>
</head>
<body>
  <div class='ocr_page' id='page_1' title='image "benedictipapaex02xivgoog_0065.png"; bbox 0 0 2434 3992; ppageno 0'>
   <div class='ocr_carea' id='block_1_1' title="bbox 719 149 1825 250">
    <p class='ocr_par' dir='ltr' id='par_1_1' title="bbox 719 149 1825 250">
     <span class='ocr_line' id='line_1_1' title="bbox 719 149 1825 250; baseline 0.003 -25"><span class='ocrx_word' id='word_1_1' title='bbox 719 149 722 154; x_wconf 66' lang='grc'><strong>’</strong></span> <span class='ocrx_word' id='word_1_2' title='bbox 748 159 1200 234; x_wconf 60' lang='lat' dir='ltr'><strong>Bummmm.</strong></span> <span class='ocrx_word' id='word_1_3' title='bbox 1262 168 1269 176; x_wconf 91' lang='lat'>&#39;</span> <span class='ocrx_word' id='word_1_4' title='bbox 1691 163 1777 250; x_wconf 77' lang='lat'><strong>47</strong></span> <span class='ocrx_word' id='word_1_5' title='bbox 1822 195 1825 202; x_wconf 95' lang='lat'>·</span> 
     </span>
    </p>
   </div>
   <div class='ocr_carea' id='block_1_2' title="bbox 168 265 2109 1661">
    <p class='ocr_par' dir='ltr' id='par_1_2' title="bbox 169 265 2052 346">
     <span class='ocr_line' id='line_1_2' title="bbox 169 265 2052 346; baseline 0.001 -16"><span class='ocrx_word' id='word_1_6' title='bbox 169 279 258 330; x_wconf 82' lang='lat' dir='ltr'><strong>tus</strong></span> <span class='ocrx_word' id='word_1_7' title='bbox 293 267 586 329; x_wconf 85' lang='lat' dir='ltr'><strong>honorem‘</strong></span> <span class='ocrx_word' id='word_1_8' title='bbox 629 271 901 345; x_wconf 79' lang='lat' dir='ltr'><strong>promoti</strong></span> <span class='ocrx_word' id='word_1_9' title='bbox 947 273 1205 329; x_wconf 80' lang='lat' dir='ltr'>Romam</span> <span class='ocrx_word' id='word_1_10' title='bbox 1252 265 1531 330; x_wconf 86' lang='lat' dir='ltr'><strong>nondum</strong></span> <span class='ocrx_word' id='word_1_11' title='bbox 1582 271 1779 332; x_wconf 77' lang='lat' dir='ltr'><strong>venis·</strong></span> <span class='ocrx_word' id='word_1_12' title='bbox 1836 279 2052 346; x_wconf 54' lang='lat' dir='ltr'><strong>Anni}</strong></span> 
     </span>
    </p>

    <p class='ocr_par' dir='ltr' id='par_1_3' title="bbox 168 344 2109 422">
     <span class='ocr_line' id='line_1_3' title="bbox 168 344 2109 422; baseline 0.001 -16"><span class='ocrx_word' id='word_1_13' title='bbox 168 357 324 414; x_wconf 83' lang='lat' dir='ltr'><strong>sent,</strong></span> <span class='ocrx_word' id='word_1_14' title='bbox 351 356 413 406; x_wconf 90' lang='lat' dir='ltr'><strong>et</strong></span> <span class='ocrx_word' id='word_1_15' title='bbox 435 349 564 407; x_wconf 86' lang='lat' dir='ltr'><strong>sive</strong></span> <span class='ocrx_word' id='word_1_16' title='bbox 600 345 664 405; x_wconf 88' lang='lat' dir='ltr'><strong>in</strong></span> <span class='ocrx_word' id='word_1_17' title='bbox 695 351 973 406; x_wconf 84' lang='lat' dir='ltr'><strong>Romana</strong></span> <span class='ocrx_word' id='word_1_18' title='bbox 1009 349 1200 422; x_wconf 84' lang='lat' dir='ltr'><strong>Curia</strong></span> <span class='ocrx_word' id='word_1_19' title='bbox 1221 390 1235 417; x_wconf 94' lang='lat'>,</span> <span class='ocrx_word' id='word_1_20' title='bbox 1270 344 1369 408; x_wconf 82' lang='lat' dir='ltr'><strong>vel</strong></span> <span class='ocrx_word' id='word_1_21' title='bbox 1404 357 1575 408; x_wconf 87' lang='lat' dir='ltr'><strong>extra</strong></span> <span class='ocrx_word' id='word_1_22' title='bbox 1594 369 1732 408; x_wconf 87' lang='lat' dir='ltr'><strong>eam</strong></span> <span class='ocrx_word' id='word_1_23' title='bbox 1760 381 1788 418; x_wconf 60' lang='lat' dir='ltr'><strong>,x</strong></span> <span class='ocrx_word' id='word_1_24' title='bbox 1878 351 2023 422; x_wconf 74' lang='lat'><strong>1743.</strong></span> <span class='ocrx_word' id='word_1_25' title='bbox 2106 363 2109 368; x_wconf 86' lang='grc'><em>·</em></span> 
     </span>
    </p>

    <p class='ocr_par' dir='ltr' id='par_1_4' title="bbox 168 421 1782 504">
     <span class='ocr_line' id='line_1_4' title="bbox 168 421 1782 504; baseline 0.002 -21"><span class='ocrx_word' id='word_1_26' title='bbox 168 435 223 484; x_wconf 88' lang='lat' dir='ltr'><strong>et</strong></span> <span class='ocrx_word' id='word_1_27' title='bbox 253 423 620 501; x_wconf 85' lang='lat' dir='ltr'><strong>ubicumque</strong></span> <span class='ocrx_word' id='word_1_28' title='bbox 654 421 792 485; x_wconf 88' lang='lat' dir='ltr'><strong>illos</strong></span> <span class='ocrx_word' id='word_1_29' title='bbox 817 424 1112 485; x_wconf 81' lang='lat' dir='ltr'><strong>decedere</strong></span> <span class='ocrx_word' id='word_1_30' title='bbox 1127 426 1481 502; x_wconf 84' lang='lat' dir='ltr'><strong>contigisset</strong></span> <span class='ocrx_word' id='word_1_31' title='bbox 1504 471 1523 497; x_wconf 85' lang='lat'>,</span> <span class='ocrx_word' id='word_1_32' title='bbox 1558 427 1625 484; x_wconf 88' lang='lat' dir='ltr'><strong>in</strong></span> <span class='ocrx_word' id='word_1_33' title='bbox 1640 445 1782 504; x_wconf 87' lang='lat' dir='ltr'><strong>sup·</strong></span> 
     </span>
    </p>

    <p class='ocr_par' dir='ltr' id='par_1_5' title="bbox 168 500 1781 577">
     <span class='ocr_line' id='line_1_5' title="bbox 168 500 1781 577; baseline 0.002 -17"><span class='ocrx_word' id='word_1_34' title='bbox 168 500 526 577; x_wconf 83' lang='lat' dir='ltr'><strong>plementum</strong></span> <span class='ocrx_word' id='word_1_35' title='bbox 557 501 858 562; x_wconf 80' lang='lat' dir='ltr'><strong>mercedis</strong></span> <span class='ocrx_word' id='word_1_36' title='bbox 897 503 1229 563; x_wconf 71' lang='lat' dir='ltr'><strong>ordinariae</strong></span> <span class='ocrx_word' id='word_1_37' title='bbox 1260 502 1617 562; x_wconf 87' lang='lat' dir='ltr'><strong>eorumdem</strong></span> <span class='ocrx_word' id='word_1_38' title='bbox 1656 510 1781 564; x_wconf 86' lang='lat' dir='ltr'><strong>Ma·</strong></span> 
     </span>
    </p>

    <p class='ocr_par' dir='ltr' id='par_1_6' title="bbox 171 581 1785 657">
     <span class='ocr_line' id='line_1_6' title="bbox 171 581 1785 657; baseline 0.001 -19"><span class='ocrx_word' id='word_1_39' title='bbox 171 582 478 655; x_wconf 84' lang='lat' dir='ltr'><strong>gistrorum</strong></span> <span class='ocrx_word' id='word_1_40' title='bbox 509 581 1020 640; x_wconf 85' lang='lat' dir='ltr'><strong>Ceremoniarum</strong></span> <span class='ocrx_word' id='word_1_41' title='bbox 1058 601 1186 640; x_wconf 88' lang='lat' dir='ltr'><strong>non</strong></span> <span class='ocrx_word' id='word_1_42' title='bbox 1232 581 1741 657; x_wconf 81' lang='lat' dir='ltr'><strong>participantium</strong></span> <span class='ocrx_word' id='word_1_43' title='bbox 1766 625 1785 655; x_wconf 86' lang='lat'><strong>,</strong></span> 
     </span>
    </p>

    <p class='ocr_par' dir='ltr' id='par_1_7' title="bbox 171 655 1783 736">
     <span class='ocr_line' id='line_1_7' title="bbox 171 655 1783 736; baseline 0.002 -21"><span class='ocrx_word' id='word_1_44' title='bbox 171 657 384 732; x_wconf 83' lang='lat' dir='ltr'><strong>pariter</strong></span> <span class='ocrx_word' id='word_1_45' title='bbox 411 656 664 732; x_wconf 64' lang='lat' dir='ltr'><strong>deberi3</strong></span> <span class='ocrx_word' id='word_1_46' title='bbox 691 655 928 734; x_wconf 87' lang='lat' dir='ltr'><strong>illisque</strong></span> <span class='ocrx_word' id='word_1_47' title='bbox 959 661 1337 736; x_wconf 75' lang='lat' dir='ltr'><strong>conjunctim</strong></span> <span class='ocrx_word' id='word_1_48' title='bbox 1358 678 1471 732; x_wconf 89' lang='lat' dir='ltr'><strong>per</strong></span> <span class='ocrx_word' id='word_1_49' title='bbox 1490 679 1605 734; x_wconf 90' lang='lat' dir='ltr'><strong>pro</strong></span> <span class='ocrx_word' id='word_1_50' title='bbox 1631 670 1783 718; x_wconf 86' lang='lat' dir='ltr'><strong>tem·</strong></span> 
     </span>
    </p>

    <p class='ocr_par' dir='ltr' id='par_1_8' title="bbox 172 734 1785 813">
     <span class='ocr_line' id='line_1_8' title="bbox 172 734 1785 813; baseline 0.002 -21"><span class='ocrx_word' id='word_1_51' title='bbox 172 753 303 809; x_wconf 83' lang='lat' dir='ltr'><strong>pore</strong></span> <span class='ocrx_word' id='word_1_52' title='bbox 357 737 682 795; x_wconf 83' lang='lat' dir='ltr'><strong>existentes</strong></span> <span class='ocrx_word' id='word_1_53' title='bbox 734 735 1096 794; x_wconf 84' lang='lat' dir='ltr'><strong>Cardinales</strong></span> <span class='ocrx_word' id='word_1_54' title='bbox 1135 734 1459 813; x_wconf 73' lang='lat' dir='ltr'><strong>praedictos</strong></span> <span class='ocrx_word' id='word_1_55' title='bbox 1482 780 1499 808; x_wconf 83' lang='lat'>‚</span> <span class='ocrx_word' id='word_1_56' title='bbox 1534 755 1641 796; x_wconf 89' lang='lat' dir='ltr'><strong>seu</strong></span> <span class='ocrx_word' id='word_1_57' title='bbox 1672 755 1785 812; x_wconf 78' lang='lat' dir='ltr'><strong>per</strong></span> 
     </span>
    </p>

    <p class='ocr_par' dir='ltr' id='par_1_9' title="bbox 174 813 1787 892">
     <span class='ocr_line' id='line_1_9' title="bbox 174 813 1787 892; baseline 0.003 -23"><span class='ocrx_word' id='word_1_58' title='bbox 174 832 366 870; x_wconf 85' lang='lat' dir='ltr'><strong>eorum</strong></span> <span class='ocrx_word' id='word_1_59' title='bbox 405 815 715 892; x_wconf 74' lang='lat' dir='ltr'><strong>Agentes2</strong></span> <span class='ocrx_word' id='word_1_60' title='bbox 753 823 814 872; x_wconf 90' lang='lat' dir='ltr'><strong>et</strong></span> <span class='ocrx_word' id='word_1_61' title='bbox 873 813 1145 872; x_wconf 69' lang='lat' dir='ltr'><strong>haeredes</strong></span> <span class='ocrx_word' id='word_1_62' title='bbox 1180 815 1516 888; x_wconf 84' lang='lat' dir='ltr'><strong>respective</strong></span> <span class='ocrx_word' id='word_1_63' title='bbox 1556 813 1787 890; x_wconf 79' lang='lat' dir='ltr'><strong>absque</strong></span> 
     </span>
    </p>

    <p class='ocr_par' dir='ltr' id='par_1_10' title="bbox 175 887 1788 966">
     <span class='ocr_line' id='line_1_10' title="bbox 175 887 1788 966; baseline 0.002 -20"><span class='ocrx_word' id='word_1_64' title='bbox 175 907 326 947; x_wconf 86' lang='lat' dir='ltr'><strong>mora</strong></span> <span class='ocrx_word' id='word_1_65' title='bbox 361 887 518 951; x_wconf 86' lang='lat' dir='ltr'><strong>solvi</strong></span> <span class='ocrx_word' id='word_1_66' title='bbox 544 935 562 961; x_wconf 82' lang='lat'>‚</span> <span class='ocrx_word' id='word_1_67' title='bbox 599 901 662 950; x_wconf 87' lang='lat' dir='ltr'><strong>et</strong></span> <span class='ocrx_word' id='word_1_68' title='bbox 701 891 784 949; x_wconf 87' lang='lat' dir='ltr'><strong>eis</strong></span> <span class='ocrx_word' id='word_1_69' title='bbox 813 891 1162 966; x_wconf 87' lang='lat' dir='ltr'><strong>consignari</strong></span> <span class='ocrx_word' id='word_1_70' title='bbox 1200 889 1462 962; x_wconf 84' lang='lat' dir='ltr'><strong>debere,</strong></span> <span class='ocrx_word' id='word_1_71' title='bbox 1506 892 1637 950; x_wconf 89' lang='lat' dir='ltr'><strong>sine</strong></span> <span class='ocrx_word' id='word_1_72' title='bbox 1658 888 1788 951; x_wconf 82' lang='lat' dir='ltr'><strong>ullo</strong></span> 
     </span>
    </p>

    <p class='ocr_par' dir='ltr' id='par_1_11' title="bbox 171 969 1791 1046">
     <span class='ocr_line' id='line_1_11' title="bbox 171 969 1791 1046; baseline 0.002 -22"><span class='ocrx_word' id='word_1_73' title='bbox 171 975 358 1024; x_wconf 87' lang='lat' dir='ltr'><strong>tamen</strong></span> <span class='ocrx_word' id='word_1_74' title='bbox 402 987 940 1044; x_wconf 86' lang='lat' dir='ltr'><strong>quorumcumque</strong></span> <span class='ocrx_word' id='word_1_75' title='bbox 967 969 1199 1046; x_wconf 76' lang='lat' dir='ltr'><strong>jurium</strong></span> <span class='ocrx_word' id='word_1_76' title='bbox 1235 971 1507 1026; x_wconf 81' lang='lat' dir='ltr'><strong>Camerae</strong></span> <span class='ocrx_word' id='word_1_77' title='bbox 1538 986 1791 1044; x_wconf 87' lang='lat' dir='ltr'><strong>quomo·</strong></span> 
     </span>
    </p>

    <p class='ocr_par' dir='ltr' id='par_1_12' title="bbox 173 1041 1787 1118">
     <span class='ocr_line' id='line_1_12' title="bbox 173 1041 1787 1118; baseline 0.003 -19"><span class='ocrx_word' id='word_1_78' title='bbox 173 1041 389 1102; x_wconf 88' lang='lat' dir='ltr'><strong>dolibet</strong></span> <span class='ocrx_word' id='word_1_79' title='bbox 420 1043 778 1104; x_wconf 88' lang='lat' dir='ltr'><strong>debitorum</strong></span> <span class='ocrx_word' id='word_1_80' title='bbox 807 1087 820 1111; x_wconf 90' lang='lat'>,</span> <span class='ocrx_word' id='word_1_81' title='bbox 889 1054 952 1103; x_wconf 90' lang='lat' dir='ltr'><strong>et</strong></span> <span class='ocrx_word' id='word_1_82' title='bbox 990 1043 1468 1118; x_wconf 85' lang='lat' dir='ltr'><strong>solvendorum,</strong></span> <span class='ocrx_word' id='word_1_83' title='bbox 1502 1063 1573 1103; x_wconf 89' lang='lat' dir='ltr'><strong>ac</strong></span> <span class='ocrx_word' id='word_1_84' title='bbox 1618 1055 1787 1104; x_wconf 87' lang='lat' dir='ltr'><strong>ante-</strong></span> 
     </span>
    </p>

    <p class='ocr_par' dir='ltr' id='par_1_13' title="bbox 173 1121 1790 1197">
     <span class='ocr_line' id='line_1_13' title="bbox 173 1121 1790 1197; baseline 0.002 -20"><span class='ocrx_word' id='word_1_85' title='bbox 173 1121 446 1180; x_wconf 84' lang='lat' dir='ltr'><strong>rioritatis</strong></span> <span class='ocrx_word' id='word_1_86' title='bbox 478 1167 494 1194; x_wconf 88' lang='lat'>‚</span> <span class='ocrx_word' id='word_1_87' title='bbox 535 1132 597 1181; x_wconf 88' lang='lat' dir='ltr'><strong>et</strong></span> <span class='ocrx_word' id='word_1_88' title='bbox 655 1123 1062 1197; x_wconf 83' lang='lat' dir='ltr'><strong>potioritatis,</strong></span> <span class='ocrx_word' id='word_1_89' title='bbox 1114 1123 1625 1181; x_wconf 84' lang='lat' dir='ltr'><strong>Ceremoniarum</strong></span> <span class='ocrx_word' id='word_1_90' title='bbox 1668 1128 1790 1181; x_wconf 85' lang='lat' dir='ltr'><strong>Ma·</strong></span> 
     </span>
    </p>

    <p class='ocr_par' dir='ltr' id='par_1_14' title="bbox 172 1197 1793 1331">
     <span class='ocr_line' id='line_1_14' title="bbox 172 1197 1793 1331; baseline 0.002 -77"><span class='ocrx_word' id='word_1_91' title='bbox 172 1197 506 1331; x_wconf 57' lang='lat' dir='ltr'><strong>fistrorum&#39;</strong></span> <span class='ocrx_word' id='word_1_92' title='bbox 526 1201 1027 1276; x_wconf 77' lang='lat' dir='ltr'><strong>participantium</strong></span> <span class='ocrx_word' id='word_1_93' title='bbox 1057 1243 1076 1270; x_wconf 82' lang='lat'><strong>‚</strong></span> <span class='ocrx_word' id='word_1_94' title='bbox 1127 1208 1203 1256; x_wconf 48' lang='lat' dir='ltr'><strong>et*</strong></span> <span class='ocrx_word' id='word_1_95' title='bbox 1232 1199 1423 1257; x_wconf 88' lang='lat' dir='ltr'><strong>trium</strong></span> <span class='ocrx_word' id='word_1_96' title='bbox 1452 1200 1621 1258; x_wconf 84' lang='lat' dir='ltr'><strong>Sacri</strong></span> <span class='ocrx_word' id='word_1_97' title='bbox 1652 1197 1793 1259; x_wconf 89' lang='lat' dir='ltr'><strong>Col-</strong></span> 
     </span>
    </p>

    <p class='ocr_par' dir='ltr' id='par_1_15' title="bbox 193 1274 1791 1352">
     <span class='ocr_line' id='line_1_15' title="bbox 193 1274 1791 1352; baseline 0.001 -19"><span class='ocrx_word' id='word_1_98' title='bbox 193 1276 296 1350; x_wconf 86' lang='lat' dir='ltr'><strong>egii</strong></span> <span class='ocrx_word' id='word_1_99' title='bbox 327 1274 700 1336; x_wconf 81' lang='lat' dir='ltr'><strong>officialium</strong></span> <span class='ocrx_word' id='word_1_100' title='bbox 744 1275 1238 1352; x_wconf 84' lang='lat' dir='ltr'><strong>supradictorum</strong></span> <span class='ocrx_word' id='word_1_101' title='bbox 1265 1276 1649 1352; x_wconf 81' lang='lat' dir='ltr'><strong>praejudici0‚</strong></span> <span class='ocrx_word' id='word_1_102' title='bbox 1694 1277 1791 1335; x_wconf 90' lang='lat' dir='ltr'><strong>iti-</strong></span> 
     </span>
    </p>

    <p class='ocr_par' dir='ltr' id='par_1_16' title="bbox 173 1350 2105 1507">
     <span class='ocr_line' id='line_1_16' title="bbox 173 1350 2105 1433; baseline 0.001 -22"><span class='ocrx_word' id='word_1_103' title='bbox 173 1351 298 1412; x_wconf 87' lang='lat' dir='ltr'><strong>dem</strong></span> <span class='ocrx_word' id='word_1_104' title='bbox 325 1364 630 1430; x_wconf 83' lang='lat' dir='ltr'><strong>perpetuo</strong></span> <span class='ocrx_word' id='word_1_105' title='bbox 660 1355 879 1413; x_wconf 81' lang='lat' dir='ltr'><strong>statuit</strong></span> <span class='ocrx_word' id='word_1_106' title='bbox 915 1350 1194 1412; x_wconf 87' lang='lat' dir='ltr'><strong>similiter</strong></span> <span class='ocrx_word' id='word_1_107' title='bbox 1215 1399 1234 1428; x_wconf 83' lang='lat'>‚</span> <span class='ocrx_word' id='word_1_108' title='bbox 1280 1363 1342 1412; x_wconf 90' lang='lat' dir='ltr'><strong>et</strong></span> <span class='ocrx_word' id='word_1_109' title='bbox 1382 1353 1717 1414; x_wconf 78' lang='lat' dir='ltr'><strong>ordinavit.</strong></span> <span class='ocrx_word' id='word_1_110' title='bbox 2086 1429 2105 1433; x_wconf 47' lang='grc'>-</span> 
     </span>
     <span class='ocr_line' id='line_1_17' title="bbox 236 1427 2095 1507; baseline 0.001 -19"><span class='ocrx_word' id='word_1_111' title='bbox 236 1427 288 1507; x_wconf 86' lang='lat'><strong>§.</strong></span> <span class='ocrx_word' id='word_1_112' title='bbox 326 1451 382 1490; x_wconf 84' lang='lat'><strong>2.</strong></span> <span class='ocrx_word' id='word_1_113' title='bbox 421 1431 819 1491; x_wconf 86' lang='lat' dir='ltr'><strong>Postmodum</strong></span> <span class='ocrx_word' id='word_1_114' title='bbox 855 1451 1021 1491; x_wconf 87' lang='lat' dir='ltr'><strong>·vero</strong></span> <span class='ocrx_word' id='word_1_115' title='bbox 1072 1429 1176 1489; x_wconf 91' lang='lat' dir='ltr'><strong>fel.</strong></span> <span class='ocrx_word' id='word_1_116' title='bbox 1232 1431 1472 1490; x_wconf 85' lang='lat' dir='ltr'><strong>record.</strong></span> <span class='ocrx_word' id='word_1_117' title='bbox 1510 1429 1795 1491; x_wconf 85' lang='lat' dir='ltr'><strong>Clemens</strong></span> <span class='ocrx_word' id='word_1_118' title='bbox 1850 1439 2095 1491; x_wconf 75' lang='lat' dir='ltr'><strong>Clemens</strong></span> 
     </span>
    </p>

    <p class='ocr_par' dir='ltr' id='par_1_17' title="bbox 175 1507 2095 1586">
     <span class='ocr_line' id='line_1_18' title="bbox 175 1507 2095 1586; baseline 0.003 -23"><span class='ocrx_word' id='word_1_119' title='bbox 175 1511 314 1583; x_wconf 85' lang='lat' dir='ltr'><strong>Papa</strong></span> <span class='ocrx_word' id='word_1_120' title='bbox 343 1513 488 1568; x_wconf 88' lang='lat' dir='ltr'>XII.</span> <span class='ocrx_word' id='word_1_121' title='bbox 521 1511 757 1586; x_wconf 87' lang='lat' dir='ltr'><strong>pariter</strong></span> <span class='ocrx_word' id='word_1_122' title='bbox 784 1507 1188 1568; x_wconf 82' lang='lat' dir='ltr'><strong>Praedecessor</strong></span> <span class='ocrx_word' id='word_1_123' title='bbox 1244 1520 1453 1568; x_wconf 86' lang='lat' dir='ltr'><strong>noster</strong></span> <span class='ocrx_word' id='word_1_124' title='bbox 1502 1529 1615 1585; x_wconf 89' lang='lat' dir='ltr'><strong>per</strong></span> <span class='ocrx_word' id='word_1_125' title='bbox 1653 1527 1794 1568; x_wconf 84' lang='lat' dir='ltr'><strong>suas</strong></span> <span class='ocrx_word' id='word_1_126' title='bbox 1814 1510 1933 1560; x_wconf 85' lang='lat' dir='ltr'><strong>XII·</strong></span> <span class='ocrx_word' id='word_1_127' title='bbox 1952 1525 2095 1586; x_wconf 65' lang='lat'><strong>⁸⁰¹1}-</strong></span> 
     </span>
    </p>

    <p class='ocr_par' dir='ltr' id='par_1_18' title="bbox 173 1577 2094 1661">
     <span class='ocr_line' id='line_1_19' title="bbox 173 1577 2094 1661; baseline 0.003 -21"><span class='ocrx_word' id='word_1_128' title='bbox 173 1584 370 1644; x_wconf 86' lang='lat' dir='ltr'><strong>itidem</strong></span> <span class='ocrx_word' id='word_1_129' title='bbox 397 1587 464 1644; x_wconf 91' lang='lat' dir='ltr'><strong>in</strong></span> <span class='ocrx_word' id='word_1_130' title='bbox 509 1585 694 1646; x_wconf 80' lang='lat' dir='ltr'><strong>simili</strong></span> <span class='ocrx_word' id='word_1_131' title='bbox 732 1585 932 1645; x_wconf 88' lang='lat' dir='ltr'><strong>forma</strong></span> <span class='ocrx_word' id='word_1_132' title='bbox 973 1585 1186 1647; x_wconf 85' lang='lat' dir='ltr'><strong>Brevis</strong></span> <span class='ocrx_word' id='word_1_133' title='bbox 1213 1586 1315 1645; x_wconf 88' lang='lat' dir='ltr'><strong>die</strong></span> <span class='ocrx_word' id='word_1_134' title='bbox 1358 1605 1503 1648; x_wconf 82' lang='lat' dir='ltr'><strong>xvn.</strong></span> <span class='ocrx_word' id='word_1_135' title='bbox 1535 1587 1793 1661; x_wconf 85' lang='lat' dir='ltr'><strong>Augusti</strong></span> <span class='ocrx_word' id='word_1_136' title='bbox 1815 1593 1923 1628; x_wconf 64' lang='grc' dir='ltr'><strong>Μ’</strong></span> <span class='ocrx_word' id='word_1_137' title='bbox 1994 1577 2094 1624; x_wconf 68' lang='grc' dir='ltr'><strong>Μ’·</strong></span> 
     </span>
    </p>
   </div>
   <div class='ocr_carea' id='block_1_3' title="bbox 163 1641 2102 3443">
    <p class='ocr_par' dir='ltr' id='par_1_19' title="bbox 163 1641 2102 3443">
     <span class='ocr_line' id='line_1_20' title="bbox 175 1641 2095 1762; baseline 0.003 -43"><span class='ocrx_word' id='word_1_138' title='bbox 175 1666 665 1725; x_wconf 78' lang='lat' dir='ltr'>MDCCXXXIV.</span> <span class='ocrx_word' id='word_1_139' title='bbox 699 1663 1008 1739; x_wconf 84' lang='lat' dir='ltr'><strong>expeditas</strong></span> <span class='ocrx_word' id='word_1_140' title='bbox 1044 1661 1287 1737; x_wconf 82' lang='lat' dir='ltr'><strong>literas,</strong></span> <span class='ocrx_word' id='word_1_141' title='bbox 1316 1683 1459 1722; x_wconf 90' lang='lat' dir='ltr'><strong>cum</strong></span> <span class='ocrx_word' id='word_1_142' title='bbox 1482 1665 1667 1722; x_wconf 88' lang='lat' dir='ltr'><strong>etiam</strong></span> <span class='ocrx_word' id='word_1_143' title='bbox 1696 1683 1791 1723; x_wconf 82' lang='lat' dir='ltr'><strong>ac·</strong></span> <span class='ocrx_word' id='word_1_144' title='bbox 1814 1641 2095 1762; x_wconf 63' lang='lat' dir='ltr'><strong>”¹P²E⁸¹S¹⁸‘</strong></span> 
     </span>
     <span class='ocr_line' id='line_1_21' title="bbox 175 1727 2099 1830; baseline 0.002 -34"><span class='ocrx_word' id='word_1_145' title='bbox 175 1740 412 1816; x_wconf 86' lang='lat' dir='ltr'><strong>cepisset</strong></span> <span class='ocrx_word' id='word_1_146' title='bbox 459 1742 844 1818; x_wconf 84' lang='lat' dir='ltr'><strong>septuaginta</strong></span> <span class='ocrx_word' id='word_1_147' title='bbox 889 1742 1166 1816; x_wconf 88' lang='lat' dir='ltr'><strong>quinque</strong></span> <span class='ocrx_word' id='word_1_148' title='bbox 1220 1745 1600 1798; x_wconf 84' lang='lat' dir='ltr'><strong>Ducatorum</strong></span> <span class='ocrx_word' id='word_1_149' title='bbox 1628 1803 1633 1810; x_wconf 21' lang='lat'><strong>¹</strong></span> <span class='ocrx_word' id='word_1_150' title='bbox 1658 1743 1795 1799; x_wconf 86' lang='lat' dir='ltr'><strong>auri</strong></span> <span class='ocrx_word' id='word_1_151' title='bbox 1814 1731 1887 1792; x_wconf 64' lang='lat'><strong>⁰33</strong></span> <span class='ocrx_word' id='word_1_152' title='bbox 1942 1727 2099 1830; x_wconf 45' lang='lat'><strong>3⁰15]</strong></span> 
     </span>
     <span class='ocr_line' id='line_1_22' title="bbox 175 1795 2097 1911; baseline 0.001 -37"><span class='ocrx_word' id='word_1_153' title='bbox 175 1811 513 1894; x_wconf 75' lang='lat' dir='ltr'><strong>hujusmodi</strong></span> <span class='ocrx_word' id='word_1_154' title='bbox 543 1864 561 1894; x_wconf 82' lang='grc'><strong>,</strong></span> <span class='ocrx_word' id='word_1_155' title='bbox 604 1819 958 1879; x_wconf 86' lang='lat' dir='ltr'><strong>memoratis</strong></span> <span class='ocrx_word' id='word_1_156' title='bbox 997 1815 1412 1889; x_wconf 87' lang='lat' dir='ltr'><strong>Officialibus‚</strong></span> <span class='ocrx_word' id='word_1_157' title='bbox 1446 1836 1551 1874; x_wconf 91' lang='lat' dir='ltr'><strong>seu</strong></span> <span class='ocrx_word' id='word_1_158' title='bbox 1589 1817 1795 1876; x_wconf 80' lang='lat' dir='ltr'><strong>Minis·</strong></span> <span class='ocrx_word' id='word_1_159' title='bbox 1816 1797 1896 1898; x_wconf 51' lang='lat' dir='ltr'><strong>{a</strong></span> <span class='ocrx_word' id='word_1_160' title='bbox 1949 1795 2097 1911; x_wconf 57' lang='lat' dir='ltr'><strong>igili-</strong></span> 
     </span>
     <span class='ocr_line' id='line_1_23' title="bbox 175 1879 2102 1972; baseline 0.001 -22"><span class='ocrx_word' id='word_1_161' title='bbox 175 1895 273 1952; x_wconf 87' lang='lat' dir='ltr'><strong>tris</strong></span> <span class='ocrx_word' id='word_1_162' title='bbox 305 1896 455 1955; x_wconf 89' lang='lat' dir='ltr'><strong>dicti</strong></span> <span class='ocrx_word' id='word_1_163' title='bbox 504 1894 757 1972; x_wconf 87' lang='lat' dir='ltr'><strong>Collegii</strong></span> <span class='ocrx_word' id='word_1_164' title='bbox 807 1892 1236 1956; x_wconf 75' lang='lat' dir='ltr'><strong>cardinalium</strong></span> <span class='ocrx_word' id='word_1_165' title='bbox 1257 1941 1274 1969; x_wconf 85' lang='lat'>‚</span> <span class='ocrx_word' id='word_1_166' title='bbox 1334 1913 1555 1970; x_wconf 88' lang='lat' dir='ltr'><strong>nempe</strong></span> <span class='ocrx_word' id='word_1_167' title='bbox 1592 1896 1793 1954; x_wconf 84' lang='lat' dir='ltr'><strong>Secre-</strong></span> <span class='ocrx_word' id='word_1_168' title='bbox 1818 1915 1887 1964; x_wconf 72' lang='lat' dir='ltr'><strong>sis</strong></span> <span class='ocrx_word' id='word_1_169' title='bbox 1912 1879 2102 1964; x_wconf 73' lang='lat' dir='ltr'><strong>’Cardi-</strong></span> 
     </span>
     <span class='ocr_line' id='line_1_24' title="bbox 175 1971 2021 2048; baseline 0.002 -21"><span class='ocrx_word' id='word_1_170' title='bbox 175 1973 355 2040; x_wconf 64' lang='grc' dir='ltr'><strong>ται-10,</strong></span> <span class='ocrx_word' id='word_1_171' title='bbox 414 1971 660 2034; x_wconf 88' lang='lat' dir='ltr'><strong>Clerico</strong></span> <span class='ocrx_word' id='word_1_172' title='bbox 688 2019 706 2047; x_wconf 81' lang='lat'>‚</span> <span class='ocrx_word' id='word_1_173' title='bbox 765 1984 828 2033; x_wconf 90' lang='lat' dir='ltr'><strong>et</strong></span> <span class='ocrx_word' id='word_1_174' title='bbox 873 1973 1311 2048; x_wconf 82' lang='lat' dir='ltr'><strong>Computistae,</strong></span> <span class='ocrx_word' id='word_1_175' title='bbox 1366 1983 1509 2048; x_wconf 88' lang='lat' dir='ltr'><strong>post</strong></span> <span class='ocrx_word' id='word_1_176' title='bbox 1556 1971 2021 2034; x_wconf 76' lang='lat' dir='ltr'><strong>obitummlium</strong></span> 
     </span>
     <span class='ocr_line' id='line_1_25' title="bbox 167 2047 2100 2128; baseline 0.002 -22"><span class='ocrx_word' id='word_1_177' title='bbox 167 2048 623 2124; x_wconf 77' lang='lat' dir='ltr'><strong>Cardinalium,</strong></span> <span class='ocrx_word' id='word_1_178' title='bbox 652 2053 810 2110; x_wconf 87' lang='lat' dir='ltr'><strong>sicut</strong></span> <span class='ocrx_word' id='word_1_179' title='bbox 835 2051 1275 2126; x_wconf 74' lang='lat' dir='ltr'><strong>praemittitur,</strong></span> <span class='ocrx_word' id='word_1_180' title='bbox 1306 2049 1659 2110; x_wconf 87' lang='lat' dir='ltr'><strong>debitorum</strong></span> <span class='ocrx_word' id='word_1_181' title='bbox 1682 2093 1695 2118; x_wconf 91' lang='lat'><strong>,</strong></span> <span class='ocrx_word' id='word_1_182' title='bbox 1727 2071 1799 2110; x_wconf 83' lang='lat' dir='ltr'><strong>ac</strong></span> <span class='ocrx_word' id='word_1_183' title='bbox 1822 2047 2100 2128; x_wconf 55' lang='lat' dir='ltr'><strong>promotio·</strong></span> 
     </span>
     <span class='ocr_line' id='line_1_26' title="bbox 173 2118 2099 2203; baseline 0.001 -18"><span class='ocrx_word' id='word_1_184' title='bbox 173 2143 275 2199; x_wconf 89' lang='lat' dir='ltr'><strong>per</strong></span> <span class='ocrx_word' id='word_1_185' title='bbox 308 2128 746 2187; x_wconf 85' lang='lat' dir='ltr'><strong>defunctorum</strong></span> <span class='ocrx_word' id='word_1_186' title='bbox 770 2126 1040 2188; x_wconf 79' lang='lat' dir='ltr'><strong>haeredes</strong></span> <span class='ocrx_word' id='word_1_187' title='bbox 1071 2126 1508 2189; x_wconf 84' lang='lat' dir='ltr'><strong>solvendorum</strong></span> <span class='ocrx_word' id='word_1_188' title='bbox 1538 2131 1795 2203; x_wconf 84' lang='lat' dir='ltr'><strong>exactio·</strong></span> <span class='ocrx_word' id='word_1_189' title='bbox 1821 2118 1977 2168; x_wconf 58' lang='grc' dir='ltr'><strong>ΝΜ*</strong></span> <span class='ocrx_word' id='word_1_190' title='bbox 2021 2132 2099 2193; x_wconf 75' lang='lat'>¹¹²¹:</span> 
     </span>
     <span class='ocr_line' id='line_1_27' title="bbox 177 2181 2101 2304; baseline 0.001 -44"><span class='ocrx_word' id='word_1_191' title='bbox 177 2221 304 2264; x_wconf 84' lang='lat' dir='ltr'><strong>nem</strong></span> <span class='ocrx_word' id='word_1_192' title='bbox 361 2225 668 2282; x_wconf 84' lang='lat' dir='ltr'><strong>perquam</strong></span> <span class='ocrx_word' id='word_1_193' title='bbox 727 2204 1035 2265; x_wconf 87' lang='lat' dir='ltr'><strong>difficilem</strong></span> <span class='ocrx_word' id='word_1_194' title='bbox 1091 2204 1308 2279; x_wconf 84' lang='lat' dir='ltr'><strong>reddi,</strong></span> <span class='ocrx_word' id='word_1_195' title='bbox 1348 2207 1653 2282; x_wconf 69' lang='lat' dir='ltr'><strong>praecipue</strong></span> <span class='ocrx_word' id='word_1_196' title='bbox 1691 2205 1801 2266; x_wconf 88' lang='lat' dir='ltr'><strong>ubi</strong></span> <span class='ocrx_word' id='word_1_197' title='bbox 1822 2181 2101 2304; x_wconf 59' lang='lat' dir='ltr'><strong>teglfe.{⁰¹”</strong></span> 
     </span>
     <span class='ocr_line' id='line_1_28' title="bbox 179 2269 2013 2364; baseline 0.001 -24"><span class='ocrx_word' id='word_1_198' title='bbox 179 2280 324 2355; x_wconf 84' lang='lat' dir='ltr'><strong>ipsos</strong></span> <span class='ocrx_word' id='word_1_199' title='bbox 349 2282 712 2343; x_wconf 84' lang='lat' dir='ltr'><strong>Cardinales</strong></span> <span class='ocrx_word' id='word_1_200' title='bbox 737 2281 1243 2360; x_wconf 78' lang='lat' dir='ltr'><strong>&#39;extraditionem</strong></span> <span class='ocrx_word' id='word_1_201' title='bbox 1282 2281 1759 2364; x_wconf 36' lang='lat' dir='ltr'><strong>Ecclesliasticam</strong></span> <span class='ocrx_word' id='word_1_202' title='bbox 1783 2329 1800 2356; x_wconf 90' lang='lat'>‚</span> <span class='ocrx_word' id='word_1_203' title='bbox 1826 2270 1889 2305; x_wconf 47' lang='grc' dir='ltr'><strong>νο</strong></span> <span class='ocrx_word' id='word_1_204' title='bbox 1918 2269 1971 2302; x_wconf 81' lang='lat'><strong>¹²¹</strong></span> <span class='ocrx_word' id='word_1_205' title='bbox 1996 2283 2013 2300; x_wconf 84' lang='lat'><em>⁰</em></span> 
     </span>
     <span class='ocr_line' id='line_1_29' title="bbox 181 2358 1804 2430; baseline 0.004 -16"><span class='ocrx_word' id='word_1_206' title='bbox 181 2366 234 2416; x_wconf 87' lang='lat' dir='ltr'><strong>et</strong></span> <span class='ocrx_word' id='word_1_207' title='bbox 273 2362 536 2420; x_wconf 85' lang='lat' dir='ltr'><strong>maxime</strong></span> <span class='ocrx_word' id='word_1_208' title='bbox 577 2359 746 2420; x_wconf 89' lang='lat' dir='ltr'><strong>ultra</strong></span> <span class='ocrx_word' id='word_1_209' title='bbox 777 2370 1017 2419; x_wconf 87' lang='lat' dir='ltr'><strong>montes</strong></span> <span class='ocrx_word' id='word_1_210' title='bbox 1057 2359 1137 2418; x_wconf 87' lang='lat' dir='ltr'><strong>ab</strong></span> <span class='ocrx_word' id='word_1_211' title='bbox 1184 2359 1473 2430; x_wconf 84' lang='lat' dir='ltr'><strong>humanis</strong></span> <span class='ocrx_word' id='word_1_212' title='bbox 1510 2358 1804 2421; x_wconf 78' lang='lat' dir='ltr'><strong>decedere</strong></span> 
     </span>
     <span class='ocr_line' id='line_1_30' title="bbox 178 2435 1801 2514; baseline 0.004 -22"><span class='ocrx_word' id='word_1_213' title='bbox 178 2439 548 2514; x_wconf 80' lang='lat' dir='ltr'><strong>contigisset,</strong></span> <span class='ocrx_word' id='word_1_214' title='bbox 582 2440 748 2498; x_wconf 88' lang='lat' dir='ltr'><strong>itaut</strong></span> <span class='ocrx_word' id='word_1_215' title='bbox 789 2435 1104 2497; x_wconf 89' lang='lat' dir='ltr'><strong>multoties</strong></span> <span class='ocrx_word' id='word_1_216' title='bbox 1137 2435 1494 2496; x_wconf 78' lang='lat' dir='ltr'><strong>eorumdem</strong></span> <span class='ocrx_word' id='word_1_217' title='bbox 1538 2442 1801 2498; x_wconf 87' lang='lat' dir='ltr'><strong>Ducato-</strong></span> 
     </span>
     <span class='ocr_line' id='line_1_31' title="bbox 178 2511 1801 2590; baseline 0.004 -22"><span class='ocrx_word' id='word_1_218' title='bbox 178 2531 306 2571; x_wconf 87' lang='lat' dir='ltr'><strong>rum</strong></span> <span class='ocrx_word' id='word_1_219' title='bbox 331 2511 568 2575; x_wconf 88' lang='lat' dir='ltr'><strong>solutio</strong></span> <span class='ocrx_word' id='word_1_220' title='bbox 589 2562 604 2588; x_wconf 87' lang='lat'>,</span> <span class='ocrx_word' id='word_1_221' title='bbox 645 2517 828 2574; x_wconf 87' lang='lat' dir='ltr'><strong>etiam</strong></span> <span class='ocrx_word' id='word_1_222' title='bbox 865 2524 1006 2590; x_wconf 88' lang='lat' dir='ltr'><strong>post</strong></span> <span class='ocrx_word' id='word_1_223' title='bbox 1035 2525 1314 2589; x_wconf 85' lang='lat' dir='ltr'><strong>peractas</strong></span> <span class='ocrx_word' id='word_1_224' title='bbox 1345 2516 1673 2574; x_wconf 82' lang='lat' dir='ltr'><strong>exactiores</strong></span> <span class='ocrx_word' id='word_1_225' title='bbox 1710 2515 1801 2574; x_wconf 88' lang='lat' dir='ltr'><strong>di-</strong></span> 
     </span>
     <span class='ocr_line' id='line_1_32' title="bbox 180 2585 1804 2670; baseline 0.004 -25"><span class='ocrx_word' id='word_1_226' title='bbox 180 2585 450 2665; x_wconf 84' lang='lat' dir='ltr'><strong>ligentias</strong></span> <span class='ocrx_word' id='word_1_227' title='bbox 471 2639 488 2667; x_wconf 87' lang='lat'><strong>,</strong></span> <span class='ocrx_word' id='word_1_228' title='bbox 518 2613 556 2650; x_wconf 89' lang='lat' dir='ltr'><strong>a</strong></span> <span class='ocrx_word' id='word_1_229' title='bbox 581 2593 848 2670; x_wconf 74' lang='lat' dir='ltr'><strong>praefatis</strong></span> <span class='ocrx_word' id='word_1_230' title='bbox 868 2590 1212 2656; x_wconf 70' lang='lat' dir='ltr'><strong>haeredibus</strong></span> <span class='ocrx_word' id='word_1_231' title='bbox 1260 2589 1609 2650; x_wconf 88' lang='lat' dir='ltr'><strong>nullatenus</strong></span> <span class='ocrx_word' id='word_1_232' title='bbox 1644 2592 1804 2651; x_wconf 85' lang='lat' dir='ltr'><strong>facta</strong></span> 
     </span>
     <span class='ocr_line' id='line_1_33' title="bbox 177 2665 1805 2754; baseline 0.001 -30"><span class='ocrx_word' id='word_1_233' title='bbox 177 2665 444 2745; x_wconf 78' lang='lat' dir='ltr'><strong>fuerint3</strong></span> <span class='ocrx_word' id='word_1_234' title='bbox 484 2669 805 2754; x_wconf 82' lang='lat' dir='ltr'><strong>dictosque</strong></span> <span class='ocrx_word' id='word_1_235' title='bbox 845 2666 1148 2732; x_wconf 87' lang='lat' dir='ltr'><strong>Officiales</strong></span> <span class='ocrx_word' id='word_1_236' title='bbox 1177 2713 1194 2740; x_wconf 85' lang='lat'>‚</span> <span class='ocrx_word' id='word_1_237' title='bbox 1239 2687 1347 2726; x_wconf 89' lang='lat' dir='ltr'><strong>seu</strong></span> <span class='ocrx_word' id='word_1_238' title='bbox 1382 2669 1689 2728; x_wconf 84' lang='lat' dir='ltr'><strong>Ministros</strong></span> <span class='ocrx_word' id='word_1_239' title='bbox 1732 2689 1805 2726; x_wconf 90' lang='lat' dir='ltr'><strong>eo</strong></span> 
     </span>
     <span class='ocr_line' id='line_1_34' title="bbox 163 2744 1807 2831; baseline 0.001 -29"><span class='ocrx_word' id='word_1_240' title='bbox 163 2747 382 2831; x_wconf 48' lang='lat' dir='ltr'><strong>agrius</strong></span> <span class='ocrx_word' id='word_1_241' title='bbox 433 2747 778 2808; x_wconf 86' lang='lat' dir='ltr'><strong>istiusmodi</strong></span> <span class='ocrx_word' id='word_1_242' title='bbox 833 2744 1261 2806; x_wconf 90' lang='lat' dir='ltr'><strong>emolumentis</strong></span> <span class='ocrx_word' id='word_1_243' title='bbox 1310 2765 1520 2806; x_wconf 87' lang='lat' dir='ltr'><strong>carere</strong></span> <span class='ocrx_word' id='word_1_244' title='bbox 1564 2790 1581 2820; x_wconf 87' lang='lat'><strong>,</strong></span> <span class='ocrx_word' id='word_1_245' title='bbox 1625 2745 1807 2822; x_wconf 83' lang='lat' dir='ltr'><strong>quod</strong></span> 
     </span>
     <span class='ocr_line' id='line_1_35' title="bbox 169 2822 1805 2884; baseline 0.002 -5"><span class='ocrx_word' id='word_1_246' title='bbox 169 2837 399 2883; x_wconf 76' lang='lat' dir='ltr'><strong>‘merces</strong></span> <span class='ocrx_word' id='word_1_247' title='bbox 431 2843 649 2884; x_wconf 89' lang='lat' dir='ltr'><strong>eorum</strong></span> <span class='ocrx_word' id='word_1_248' title='bbox 703 2824 1017 2884; x_wconf 85' lang='lat' dir='ltr'><strong>ordinaria</strong></span> <span class='ocrx_word' id='word_1_249' title='bbox 1049 2822 1383 2884; x_wconf 87' lang='lat' dir='ltr'><strong>admodum</strong></span> <span class='ocrx_word' id='word_1_250' title='bbox 1424 2823 1629 2883; x_wconf 88' lang='lat' dir='ltr'><strong>tenuis</strong></span> <span class='ocrx_word' id='word_1_251' title='bbox 1646 2824 1805 2882; x_wconf 75' lang='lat' dir='ltr'><strong>exis-</strong></span> 
     </span>
     <span class='ocr_line' id='line_1_36' title="bbox 169 2900 1905 2980; baseline 0.003 -25"><span class='ocrx_word' id='word_1_252' title='bbox 169 2907 357 2974; x_wconf 64' lang='lat' dir='ltr'><strong>teret,</strong></span> <span class='ocrx_word' id='word_1_253' title='bbox 391 2901 636 2980; x_wconf 82' lang='lat' dir='ltr'><strong>sibique</strong></span> <span class='ocrx_word' id='word_1_254' title='bbox 664 2903 930 2962; x_wconf 86' lang='lat' dir='ltr'><strong>vicissim</strong></span> <span class='ocrx_word' id='word_1_255' title='bbox 967 2922 1096 2961; x_wconf 90' lang='lat' dir='ltr'><strong>non</strong></span> <span class='ocrx_word' id='word_1_256' title='bbox 1122 2901 1457 2961; x_wconf 85' lang='lat' dir='ltr'><strong>mediocres</strong></span> <span class='ocrx_word' id='word_1_257' title='bbox 1507 2900 1751 2961; x_wconf 85' lang='lat' dir='ltr'><strong>labores</strong></span> <span class='ocrx_word' id='word_1_258' title='bbox 1788 2941 1806 2972; x_wconf 89' lang='lat'><strong>,</strong></span> <span class='ocrx_word' id='word_1_259' title='bbox 1893 2907 1905 2924; x_wconf 73' lang='lat'><strong>¹</strong></span> 
     </span>
     <span class='ocr_line' id='line_1_37' title="bbox 163 2974 1805 3056; baseline 0.002 -23"><span class='ocrx_word' id='word_1_260' title='bbox 163 2974 409 3056; x_wconf 81' lang='lat' dir='ltr'><strong>‘aliaque</strong></span> <span class='ocrx_word' id='word_1_261' title='bbox 440 3000 635 3039; x_wconf 91' lang='lat' dir='ltr'><strong>onera</strong></span> <span class='ocrx_word' id='word_1_262' title='bbox 651 2980 1110 3052; x_wconf 83' lang='lat' dir='ltr'><strong>incumberent,</strong></span> <span class='ocrx_word' id='word_1_263' title='bbox 1147 2999 1216 3038; x_wconf 87' lang='lat' dir='ltr'><strong>ac</strong></span> <span class='ocrx_word' id='word_1_264' title='bbox 1240 2991 1568 3056; x_wconf 85' lang='lat' dir='ltr'><strong>propterea</strong></span> <span class='ocrx_word' id='word_1_265' title='bbox 1603 2983 1805 3038; x_wconf 86' lang='lat' dir='ltr'><strong>Secre-</strong></span> 
     </span>
     <span class='ocr_line' id='line_1_38' title="bbox 187 3055 1808 3134; baseline 0 -21"><span class='ocrx_word' id='word_1_266' title='bbox 187 3056 337 3114; x_wconf 86' lang='lat' dir='ltr'><strong>tario</strong></span> <span class='ocrx_word' id='word_1_267' title='bbox 368 3055 578 3116; x_wconf 86' lang='lat' dir='ltr'><strong>multae</strong></span> <span class='ocrx_word' id='word_1_268' title='bbox 629 3077 900 3134; x_wconf 85' lang='lat' dir='ltr'><strong>expensae</strong></span> <span class='ocrx_word' id='word_1_269' title='bbox 952 3057 1241 3116; x_wconf 77' lang='lat' dir='ltr'><strong>faciendae</strong></span> <span class='ocrx_word' id='word_1_270' title='bbox 1278 3068 1477 3117; x_wconf 88' lang='lat' dir='ltr'><strong>essent</strong></span> <span class='ocrx_word' id='word_1_271' title='bbox 1506 3103 1522 3132; x_wconf 90' lang='lat'>‚</span> <span class='ocrx_word' id='word_1_272' title='bbox 1567 3055 1808 3116; x_wconf 84' lang='lat' dir='ltr'><strong>Clerico</strong></span> 
     </span>
     <span class='ocr_line' id='line_1_39' title="bbox 183 3133 1805 3212; baseline 0.001 -20"><span class='ocrx_word' id='word_1_273' title='bbox 183 3152 322 3193; x_wconf 78' lang='lat' dir='ltr'><strong>vero</strong></span> <span class='ocrx_word' id='word_1_274' title='bbox 343 3179 360 3207; x_wconf 88' lang='lat'>‚</span> <span class='ocrx_word' id='word_1_275' title='bbox 388 3155 460 3193; x_wconf 89' lang='lat' dir='ltr'><strong>ac</strong></span> <span class='ocrx_word' id='word_1_276' title='bbox 505 3137 920 3212; x_wconf 65' lang='lat' dir='ltr'><strong>Computistae&#39;</strong></span> <span class='ocrx_word' id='word_1_277' title='bbox 949 3134 1255 3210; x_wconf 75' lang='lat' dir='ltr'><strong>praedictis</strong></span> <span class='ocrx_word' id='word_1_278' title='bbox 1286 3133 1490 3194; x_wconf 87' lang='lat' dir='ltr'><strong>alieno</strong></span> <span class='ocrx_word' id='word_1_279' title='bbox 1515 3134 1769 3195; x_wconf 79' lang='lat' dir='ltr'><strong>servitio</strong></span> <span class='ocrx_word' id='word_1_280' title='bbox 1788 3177 1805 3206; x_wconf 81' lang='lat'>‚</span> 
     </span>
     <span class='ocr_line' id='line_1_40' title="bbox 183 3211 1859 3288; baseline 0.002 -21"><span class='ocrx_word' id='word_1_281' title='bbox 183 3227 282 3268; x_wconf 82' lang='lat' dir='ltr'><strong>seu</strong></span> <span class='ocrx_word' id='word_1_282' title='bbox 317 3213 662 3272; x_wconf 85' lang='lat' dir='ltr'><strong>ministerio</strong></span> <span class='ocrx_word' id='word_1_283' title='bbox 701 3233 824 3272; x_wconf 84' lang='lat' dir='ltr'><strong>sese</strong></span> <span class='ocrx_word' id='word_1_284' title='bbox 857 3211 1142 3272; x_wconf 88' lang='lat' dir='ltr'><strong>addicere</strong></span> <span class='ocrx_word' id='word_1_285' title='bbox 1179 3231 1291 3288; x_wconf 88' lang='lat' dir='ltr'><strong>per</strong></span> <span class='ocrx_word' id='word_1_286' title='bbox 1334 3221 1567 3272; x_wconf 86' lang='lat' dir='ltr'><strong>statuta</strong></span> <span class='ocrx_word' id='word_1_287' title='bbox 1593 3223 1805 3288; x_wconf 82' lang='lat' dir='ltr'><strong>supra·</strong></span> <span class='ocrx_word' id='word_1_288' title='bbox 1854 3257 1859 3261; x_wconf 83' lang='lat'>-</span> 
     </span>
     <span class='ocr_line' id='line_1_41' title="bbox 184 3285 1809 3366; baseline 0.002 -22"><span class='ocrx_word' id='word_1_289' title='bbox 184 3285 323 3347; x_wconf 83' lang='lat' dir='ltr'><strong>dicti</strong></span> <span class='ocrx_word' id='word_1_290' title='bbox 356 3291 526 3348; x_wconf 86' lang='lat' dir='ltr'><strong>Sacri</strong></span> <span class='ocrx_word' id='word_1_291' title='bbox 561 3287 814 3366; x_wconf 87' lang='lat' dir='ltr'><strong>Collegii</strong></span> <span class='ocrx_word' id='word_1_292' title='bbox 840 3291 1102 3350; x_wconf 86' lang='lat' dir='ltr'><strong>vetitum</strong></span> <span class='ocrx_word' id='word_1_293' title='bbox 1135 3299 1324 3364; x_wconf 84' lang='lat' dir='ltr'><strong>esset3</strong></span> <span class='ocrx_word' id='word_1_294' title='bbox 1364 3291 1669 3366; x_wconf 73' lang='lat' dir='ltr'><strong>praemissa</strong></span> <span class='ocrx_word' id='word_1_295' title='bbox 1689 3335 1705 3363; x_wconf 89' lang='lat'><strong>,</strong></span> <span class='ocrx_word' id='word_1_296' title='bbox 1738 3309 1809 3349; x_wconf 87' lang='lat' dir='ltr'><strong>ac</strong></span> 
     </span>
     <span class='ocr_line' id='line_1_42' title="bbox 181 3366 1805 3443; baseline 0.002 -20"><span class='ocrx_word' id='word_1_297' title='bbox 181 3369 516 3440; x_wconf 83' lang='lat' dir='ltr'><strong>praesertim</strong></span> <span class='ocrx_word' id='word_1_298' title='bbox 547 3367 713 3427; x_wconf 88' lang='lat' dir='ltr'><strong>dicta</strong></span> <span class='ocrx_word' id='word_1_299' title='bbox 753 3366 1166 3428; x_wconf 87' lang='lat' dir='ltr'><strong>emolumenta</strong></span> <span class='ocrx_word' id='word_1_300' title='bbox 1201 3367 1344 3443; x_wconf 91' lang='lat' dir='ltr'><strong>ipsis</strong></span> <span class='ocrx_word' id='word_1_301' title='bbox 1382 3366 1757 3428; x_wconf 85' lang='lat' dir='ltr'><strong>Officia-libus</strong></span> <span class='ocrx_word' id='word_1_302' title='bbox 1788 3411 1805 3439; x_wconf 88' lang='lat'><strong>,</strong></span> 
     </span>
    </p>
   </div>
   <div class='ocr_carea' id='block_1_4' title="bbox 185 3443 1807 3528">
    <p class='ocr_par' dir='ltr' id='par_1_20' title="bbox 185 3443 1807 3528">
     <span class='ocr_line' id='line_1_43' title="bbox 185 3443 1807 3528; baseline 0.002 -30"><span class='ocrx_word' id='word_1_303' title='bbox 185 3443 308 3502; x_wconf 75' lang='lat' dir='ltr'><strong>sive</strong></span> <span class='ocrx_word' id='word_1_304' title='bbox 353 3445 681 3522; x_wconf 71' lang='lat' dir='ltr'><strong>ministris,</strong></span> <span class='ocrx_word' id='word_1_305' title='bbox 737 3457 1054 3526; x_wconf 81' lang='lat' dir='ltr'><strong>tamquam</strong></span> <span class='ocrx_word' id='word_1_306' title='bbox 1101 3444 1482 3528; x_wconf 74' lang='lat' dir='ltr'><strong>mercedem,</strong></span> <span class='ocrx_word' id='word_1_307' title='bbox 1548 3466 1656 3506; x_wconf 87' lang='lat' dir='ltr'><strong>seu</strong></span> <span class='ocrx_word' id='word_1_308' title='bbox 1690 3463 1807 3523; x_wconf 87' lang='lat' dir='ltr'><strong>pro</strong></span> 
     </span>
    </p>
   </div>
  </div>
 </body>
</html>
