2434 3992
654 184 1098 262 BULLARJUM.
1206 196 1211 201 ’
1588 196 1707 267 321

114 305 371 375 tationis,
418 314 480 364 et
530 306 1083 382 appropriationis,
1140 326 1382 367 necnon
1442 311 1710 385 Jurispa-
1770 342 1810 391 Α
1835 358 1866 390 ι,
1893 357 1920 388 s
1949 358 1980 389 0

115 392 358 455 tronatus
384 380 463 441 acl
503 379 636 440 illas
675 384 1137 452 reservationis»,
1164 392 1275 443 aut
1306 386 1712 445 concessionis
1808 407 1952 471 νῇ,

112 456 467 535 hujusmodi,
494 458 543 515 si
570 459 725 516 citra
757 464 993 517 Montes
1025 457 1378 535 hujusmodi
1411 461 1710 521 Beneficia
1841 452 1856 475 ⁴

112 536 509 611 consisterent,
549 534 709 593 infra
738 543 1040 611 quatuor,
1077 537 1127 593 si
1156 556 1305 597 vero
1342 534 1504 597 ultra
1534 544 1703 599 Mon-

112 622 212 680 tes,
235 610 387 670 infra
430 625 532 669 sex
572 630 842 682 menses,
868 631 904 669 a
940 609 1039 669 die
1108 630 1197 669 uo
1224 613 1396 673 factae
1419 613 1705 688 fuissent,

112 708 137 744 a
162 686 290 745 Sede
326 684 682 763 Apostolica
716 687 1036 762 impetrari
1115 686 1350 759 eberet,
1382 686 1528 748 alias
1555 688 1706 763 illae,

114 773 157 821 et
185 761 313 822 inde
356 773 621 841 sequuta
660 782 1089 840 quaecumque,
1134 762 1304 823 nulla
1332 809 1350 837 ,
1392 775 1456 823 et
1496 766 1707 838 irrita,

114 836 419 915 nulliusque
464 838 735 912 roboris,
782 837 878 899 vel
901 841 1200 899 momenti
1243 841 1601 912 existerent,
1637 862 1708 901 ac

114 912 365 975 Beneficia
416 914 775 992 huiusmodi
804 917 869 974 in
906 934 1125 980 eorum
1166 917 1490 993 pristinam
1527 927 1704 976 natu·

114 1007 210 1049 ram
257 994 538 1051 restituta
582 1012 707 1051 esse
755 1003 1189 1067 censerentur,
1247 1002 1310 1053 et
1364 992 1444 1053 ab
1495 992 1707 1055 eadem

112 1066 223 1125 Sede
260 1068 579 1145 impetrari
614 1079 885 1144 possent.
1721 1126 1726 1133 .

162 1139 209 1218 S.
228 1162 280 1202 2.
298 1144 696 1205 Postmodum
715 1164 861 1204 vero
877 1147 1061 1205 Anno
1076 1147 1324 1205 Domini
1339 1150 1700 1207 MDLXXII.
1803 1144 2002 1222 Militia

112 1218 191 1292 piae
224 1222 528 1280 memoria:
568 1216 897 1295 Gregorius
934 1226 1094 1297 Papa
1119 1226 1292 1281 XIII.
1329 1224 1514 1281 etiam
1551 1228 1698 1283 Prae-
1724 1209 1902 1291 ⁸⁸³⁰?
1923 1278 1956 1289 ,,

110 1294 339 1356 decessor
360 1301 614 1371 Noster,
654 1316 765 1373 per
796 1296 1093 1373 quasdam
1122 1303 1251 1374 ejus
1289 1299 1518 1358 Literas
1551 1300 1700 1358 inci·
1723 1278 2005 1394 Μ’Ἧιωῗ

111 1371 231 1443 pien.
257 1372 581 1431 Christiani
606 1373 861 1447 Populi,
898 1367 1075 1432 datas
1109 1373 1544 1433 sexto-decimo
1563 1374 1696 1435 Kal.
1720 1344 1970 1463 Ξζῖᾗξὲ

114 1446 349 1525 Octobris
368 1450 765 1510 pontificatus
785 1450 879 1507 sui
900 1452 1082 1508 Anno
1096 1451 1300 1509 Primo
1318 1494 1334 1523 ‚
1367 1447 1550 1509 aliam
1583 1452 1700 1512 sub
1974 1445 1988 1459 ‘

113 1521 457 1585 invocatione
487 1524 547 1585 S.
585 1520 862 1584 Mauritii
888 1526 1206 1599 MartyriS‚
1231 1537 1292 1586 et
1321 1526 1438 1585 sub
1468 1526 1699 1603 Regula

112 1600 489 1672 cisterciensi,
514 1620 625 1676 per
650 1601 1007 1659 universum
1025 1595 1445 1661 Christianum
1466 1604 1702 1663 Orbem

112 1674 341 1736 Militiam
396 1678 623 1747 erexit,
659 1680 833 1750 cuius
865 1694 1149 1749 suprema
1182 1676 1360 1735 Sedes
1386 1720 1402 1749 ,
1435 1688 1497 1736 et
1542 1679 1694 1739 Mili-

115 1760 201 1811 tum
234 1758 605 1813 Conventus
636 1752 700 1809 in
745 1748 1048 1809 Sabaudia
1072 1761 1370 1827 perpetuo
1403 1762 1594 1825 esset,
1628 1776 1698 1813 ac

112 1825 191 1885 ini
226 1848 291 1887 sa
328 1825 553 1889 Militia
592 1842 786 1886 unum
814 1826 1237 1899 magistratum
1265 1832 1553 1902 Magnum
1591 1850 1696 1887 vo·

110 1920 184 1962 can
222 1924 323 1963 um
344 1950 360 1975 ,
390 1922 741 1979 supremam
772 1900 1041 1983 ejusdem
1065 1900 1294 1961 Militiae
1333 1906 1392 1961 S.
1425 1905 1697 1964 Mam-itii

112 1976 459 2052 dignitatem,
496 2000 611 2055 pro
650 1997 775 2037 uno
802 1979 1121 2052 Magistro,
1154 1978 1260 2054 qui
1304 1972 1470 2038 illius
1509 1992 1697 2057 caput

112 2056 342 2116 existeret
369 2102 387 2127 ‚
431 2057 612 2115 certis
638 2053 851 2128 modo,
875 2064 939 2113 et
970 2053 1169 2115 forma
1190 2063 1341 2113 tunc
1365 2058 1657 2132 expressis
1675 2102 1691 2128 ,
1760 2082 1776 2087 ‘

111 2131 410 2205 Apostolica
444 2132 814 2192 auctoritate
844 2138 1143 2205 perpetuo
1186 2127 1692 2210 instituit5Magi-

111 2214 453 2285 stratumque
474 2206 837 2285 praedictum
878 2213 1026 2264 tunc
1063 2202 1126 2263 in
1166 2202 1452 2267 humanis
1485 2210 1692 2283 agenti

110 2280 268 2343 Nobili
323 2287 479 2347 Viro
537 2281 919 2344 Emmanueli
973 2278 1312 2340 Philiberto
1377 2281 1690 2344 Sahaudiae

110 2359 252 2427 Duci,
288 2366 544 2437 ejusque
579 2354 1033 2435 Successoribus
1065 2355 1352 2415 omnibus
1375 2356 1690 2419 Sabaudiae

110 2434 363 2508 Ducibus,
406 2438 592 2496 certis
623 2434 840 2493 itidem
874 2439 1025 2493 tunc
1064 2452 1134 2491 ex
1180 2432 1356 2490 ressis
1385 2432 1687 2495 facultati·

110 2504 193 2568 bus
246 2506 593 2585 attributis,
648 2502 861 2569 eadem
913 2509 1145 2585 Aposto
1174 2508 1268 2567 ica
1327 2513 1690 2570 auctoritate

109 2584 390 2659 concessit,
442 2598 505 2649 et
554 2586 905 2662 assignavit.
1719 2644 1724 2651 ,

160 2658 205 2737 §-
241 2662 291 2721 3.
334 2667 454 2725 Cui
494 2662 741 2741 quidem
778 2658 1007 2721 Militiae
1039 2664 1099 2719 S.
1128 2656 1403 2719 Maur-itii
1446 2681 1480 2719 a
1506 2680 1569 2721 se
1602 2660 1691 2723 ita
1713 2672 1794 2724 Ab
1812 2675 1992 2727 eodem

110 2748 281 2798 erectae
304 2785 321 2817 ,
361 2753 425 2802 et
460 2741 807 2802 constitutae
842 2736 1003 2797 idem
1043 2736 1330 2813 deinceps
1359 2738 1690 2813 Gregorius
1715 2742 1990 2819 quiturMi.

110 2813 502 2890 Praedecessor,
548 2812 1021 2875 rationabilibus
1084 2814 1314 2886 causis,
1354 2823 1418 2872 et
1464 2834 1684 2891 praeco-
1712 2807 1990 2885 Ῑῑῑῑέθὸὧδ

110 2884 255 2958 gnitis
316 2888 599 2954 Ecclesiae
644 2892 753 2950 Dei
800 2899 863 2949 et
904 2890 1268 2951 Christianae
1315 2888 1690 2965 Reipublicae
1711 2890 1835 2925 ²⁸¹¹·

109 2962 431 3029 utilitatibus
474 2968 809 3038 adductus,
844 2986 955 3044 per
978 2963 1128 3026 alias
1152 2986 1290 3025 suas
1321 2969 1690 3043 posteriores

108 3038 293 3103 Literas
333 3044 690 3121 incipientes
716 3083 734 3115 ,
772 3046 897 3101 Pro
937 3038 1284 3113 commissa,
1313 3042 1524 3102 Idibus
1569 3048 1685 3105 No·

112 3117 330 3179 vembris
367 3122 639 3200 ejusdem
664 3121 830 3179 Anni
862 3115 1057 3178 editas
1080 3163 1097 3192 ,
1128 3118 1542 3193 supradictam
1579 3124 1691 3180 Mi.

112 3184 262 3253 litium
302 3195 631 3274 Hospitalis
670 3198 731 3255 S.
769 3196 975 3255 Lazari
1018 3193 1384 3329 Iampridem
1422 3197 1691 3271 Magistri

112 3268 355 3341 regimine
386 3274 741 3334 destitutam
762 3317 778 3344 ,
815 3290 958 3331 cum
995 3272 1016 3329 i
1044 3266 1158 3330 lius
1192 3272 1548 3345 Magistratu
1574 3318 1590 3338 ,
1620 3294 1690 3333 ac

116 3345 381 3422 omnibus,
426 3357 489 3409 et
539 3342 1026 3427 quibuscumque
1068 3344 1228 3406 illius
1266 3346 1641 3408 Prioratibus
1670 3391 1688 3415 ‚

114 3416 476 3502 Praeceptoriis
510 3472 527 3502 ,
575 3423 989 3504 Hospitalibus
1015 3471 1033 3504 ,
1086 3433 1149 3485 et
1190 3420 1692 3559 algs⁵Beneficiis
