2434 3992
845 161 1295 226 BuLLAan.
1720 161 1837 248 327

237 289 387 328 cessu
433 264 529 328 vel
561 266 805 341 decessu
837 313 852 340 ‚
895 277 1079 340 tunc,
1115 279 1178 327 et
1211 289 1337 326 non
1376 277 1559 328 antea
1583 311 1599 340 ,
1632 287 1843 344 supra·
1901 279 2115 338 Anno

236 344 396 404 dictae
425 344 649 405 Militiae
689 351 938 420 Magnus
976 345 1292 420 Magister,
1329 343 1407 404 ad
1440 345 1844 404 Commenda—
1930 345 2075 415 ¹744·

235 437 356 479 rum
384 468 400 494 ,
462 442 568 480 seu
615 421 1152 500 Praeceptoriarum
1188 469 1203 494 ,
1250 420 1727 498 Cappellarum,
1785 431 1849 482 et

234 497 617 557 Ecclesiarum
652 497 998 576 hujusmodi
1034 497 1389 558 collationes
1410 543 1429 571 ,
1464 509 1526 558 et
1546 499 1844 574 provisio-

235 593 366 646 πρε,
411 585 598 650 atque
649 595 901 649 eorum,
961 575 1066 650 qui
1117 595 1152 632 a
1201 577 1481 634 Patronis
1540 575 1849 650 praedictis

233 653 565 725 praesentati
631 651 862 720 fuerint
901 696 918 724 ,
975 653 1036 709 in
1089 650 1317 710 eisdem
1377 653 1793 711 institutiones
1830 698 1847 726 ,

231 734 381 803 juxta
399 727 811 787 stabilimenta
835 727 1010 786 dictae
1029 726 1259 785 Militiae
1280 772 1296 800 ‚
1314 726 1515 787 valeat
1531 729 1847 788 devenire.

297 802 347 881 §.
388 799 447 861 8.
492 810 902 864 Decet-nentes
928 802 1167 862 easdem
1196 814 1524 879 praesentes
1544 851 1557 876 ,
1579 815 1641 862 et
1668 806 1727 862 in
1765 806 1853 866 eis
1886 804 2153 858 Clwwloe

231 890 505 940 contenta
553 880 943 958 hujusmodi,
988 879 1064 938 de
1101 879 1565 957 subreptionis,
1606 880 1701 942 vel
1742 881 1848 940 ob·
1872 873 2145 924 ‘’dum“-

232 958 551 1032 reptioniS,
603 969 710 1016 aut
758 956 1058 1017 nullitatis
1106 958 1297 1030 vitiu,
1332 977 1439 1015 seu
1492 959 1882 1034 intentionis·

233 1037 485 1108 Nostrae,
547 1032 642 1094 vel
687 1053 1075 1110 quocumque
1121 1033 1242 1092 alio
1298 1033 1541 1092 defectu
1608 1035 1853 1108 notari,

232 1110 603 1186 impugnari,
628 1109 992 1182 invalidari,
1022 1111 1086 1166 in
1112 1115 1208 1186 jus
1239 1108 1336 1170 vel
1372 1112 1857 1174 controversiam

229 1191 529 1259 revocari,
573 1185 648 1244 ad
683 1187 980 1245 terminos
1010 1189 1164 1263 juris
1205 1185 1454 1261 reduci,
1487 1197 1598 1246 aut
1637 1188 1855 1246 adver·

230 1280 319 1320 sus
372 1282 470 1321 eas
528 1262 960 1340 quodcumque
1009 1265 1197 1339 juris,
1250 1263 1435 1336 facti,
1489 1261 1589 1326 vel
1651 1267 1861 1340 gratiae

229 1339 557 1400 remedium
587 1341 939 1415 impetrari,
967 1349 1074 1398 aut
1096 1339 1350 1397 concedi
1379 1339 1552 1398 nullo
1582 1361 1860 1418 unquam

228 1423 496 1491 tempore
523 1437 730 1492 posse,
768 1437 878 1482 nec
915 1415 1030 1475 sub
1064 1417 1384 1492 quibusvis
1421 1415 1710 1476 similium
1760 1415 1861 1480 vel

227 1487 607 1550 dissimilium
663 1495 998 1566 gratiarum
1053 1493 1585 1562 revocationibUS‚
1632 1493 1857 1552 limita·
1940 1509 1952 1521 “

227 1567 529 1640 tionibuS,
558 1567 1147 1640 modificationibus»,
1185 1568 1717 1644 suspensionibt18‚
1752 1582 1863 1634 aut

225 1640 355 1702 aliis
400 1644 731 1724 contrariis
764 1642 1299 1716 dispositionibus„
1340 1647 1520 1702 etiam
1560 1667 1595 1702 a
1632 1645 1858 1718 Nobis,

222 1717 323 1779 vel
377 1718 872 1792 quibuscumque
913 1715 1047 1775 aliis
1107 1721 1401 1776 Romanis
1465 1721 1865 1782 Pontificibus

222 1793 676 1854 successoribus
744 1793 977 1853 Nostris
1031 1813 1147 1868 pro
1226 1803 1503 1869 tempore
1567 1800 1867 1857 emanatis

225 1871 713 1946 comprehendi,
749 1868 856 1927 sed
907 1889 1147 1944 semper
1183 1880 1247 1928 et
1312 1871 1569 1930 omnino
1609 1871 1690 1930 ab
1748 1870 1869 1932 illis

229 1958 511 2022 excepta,
559 1955 621 2005 et
662 1947 900 2022 quoties
941 1944 1058 2004 illae
1103 1943 1528 2021 emanabant,
1572 1950 1755 2008 toties
1800 1951 1863 2008 in

229 2025 553 2099 pristinum
626 2033 688 2080 et
739 2018 1179 2082 validissimum
1240 2033 1473 2082 statum
1540 2027 1823 2086 restituta
1848 2073 1867 2101 ,

234 2103 528 2176 reposita,
579 2109 641 2158 et
677 2096 951 2174 plenarie
999 2101 1409 2173 reintegrata,
1448 2119 1517 2159 ac
1566 2101 1643 2160 de
1701 2123 1867 2166 novo

235 2180 410 2235 etiam
449 2174 568 2236 sub
604 2193 990 2250 quacumque
1025 2177 1353 2250 posteriori
1392 2176 1535 2236 data
1561 2199 1673 2253 per
1709 2200 1861 2255 prae·

235 2253 458 2312 dictum
491 2249 787 2313 Carolum
823 2249 1315 2316 Emmanuelem,
1354 2260 1416 2309 et
1447 2273 1561 2329 pro
1587 2266 1865 2331 tempore

237 2331 581 2396 existentem
629 2333 864 2386 Ducem
903 2335 967 2383 et
1011 2331 1300 2402 Magnum
1350 2330 1717 2403 Magistrum·
1754 2331 1865 2393 eli-

239 2406 456 2481 genda,
489 2424 804 2476 concessa,
848 2400 1210 2478 validaque,
1244 2411 1307 2460 et
1350 2402 1611 2466 efficacia
1646 2407 1778 2466 fore
1804 2419 1867 2468 et

241 2503 398 2555 esse,
474 2504 546 2542 ac
621 2501 761 2540 suos
811 2478 1120 2556 plenarios
1175 2487 1239 2538 et
1287 2479 1553 2554 integros
1610 2483 1889 2544 effeetus·

241 2561 472 2634 sortiri,
518 2570 582 2619 et
621 2566 921 2634 perpetuo
961 2555 1266 2616 obtinere.

307 2633 360 2713 S.
399 2654 461 2714 9.
504 2637 601 2694 Sic
652 2655 724 2694 ue
762 2654 873 2709 per
921 2651 1342 2709 quoscumque
1400 2631 1641 2691 Judices
1683 2632 1864 2694 Ordi·
1948 2637 2135 2716 Dec-re..

244 2715 437 2772 uarios
459 2755 477 2787 ‚
509 2722 575 2771 et
606 2655 915 2786 delegatos
936 2756 953 2784 ,
990 2721 1053 2768 et
1077 2714 1417 2769 Causarum
1458 2706 1670 2767 Palatii
1705 2715 1865 2786 Apo·
1888 2711 2003 2754 tum
2047 2721 2091 2754 1‘
2098 2723 2117 2752 ¹
2124 2723 2165 2753 ¹·

245 2788 424 2848 stolici
463 2788 800 2849 Auditores
820 2832 839 2862 ,
863 2808 932 2845 ac
962 2790 1022 2845 S.
1059 2790 1136 2846 R.
1167 2791 1238 2845 Ε.
1268 2783 1656 2859 CardinaleS,
1682 2788 1867 2846 etiam
1890 2778 2027 2821 ²⁸⁰⁸·
2085 2803 2089 2808 ’

246 2863 314 2924 de
349 2870 564 2925 Latere
610 2869 860 2940 Legatos
889 2907 906 2934 ,
938 2862 1349 2940 Vicelegatos‚
1380 2863 1680 2938 dictaeque
1703 2863 1869 2924 Sedis

247 2944 492 3002 Nuntios
522 2946 588 3002 in
625 2943 839 3018 quavis
875 2961 1054 3000 causa
1078 2983 1092 3009 ,
1133 2953 1196 3000 et
1243 2940 1537 2998 instantia
1572 2939 1867 3016 judicari,

249 3028 306 3076 et
327 3017 567 3078 definiri
603 3017 826 3078 debere
849 3061 861 3086 ,
885 3019 1257 3094 irritumque
1287 3027 1350 3075 et
1377 3019 1558 3074 inane
1578 3058 1593 3085 ‚
1616 3018 1665 3075 si
1697 3037 1871 3076 secus

249 3114 309 3153 su
386 3117 417 3154 r
441 3094 538 3154 his
563 3116 602 3154 a
629 3114 938 3170 quoquam
963 3095 1180 3169 quavis
1197 3095 1563 3152 auctoritate
1579 3095 1866 3166 scienter,

251 3191 319 3229 ve
380 3174 740 3248 ignoranter
783 3171 1109 3245 contigerit
1151 3170 1470 3228 attentari.

318 3245 373 3324 S.
421 3267 511 3307 ιο.
556 3252 692 3320 Non
732 3247 1120 3306 obstantibus
1152 3245 1444 3322 praedicta
1470 3244 1738 3322 ejusdem
1784 3246 1869 3304 Pii
1920 3245 2168 3325 ‚Danga-

254 3323 696 3384 Praedecessoris
717 3369 732 3394 ‚
755 3323 1008 3398 aliisque
1037 3322 1598 3383 constitutionibus
1616 3367 1632 3393 ‚
1664 3333 1729 3380 et
1749 3325 1867 3384 Or·
1890 3319 2078 3368 ῒῑθῡθθ·

254 3397 660 3462 dinationibus
695 3399 1092 3479 ApostoliciS,
1132 3419 1369 3460 necnon
1404 3401 1726 3476 utriusque
1761 3400 1868 3460 Mi-
