2434 3992
730 138 1177 209 BuLLAnnm·
1637 146 1757 213 261

156 245 465 307 verificatae
505 290 523 318 ‚
582 245 681 307 vel
741 248 1112 311 sufficienter
1152 292 1171 321 ,
1235 258 1346 311 aut
1395 249 1526 313 ullo
1577 253 1762 316 modo
1816 265 2022 323 Anao

155 323 466 399 justificatae
497 322 728 383 suerint
752 370 769 398 ‚
805 336 914 387 aut
944 346 1016 387 ex
1062 325 1183 387 alia
1255 324 1528 399 utilibet,
1573 330 1761 395 etiam

158 400 531 475 quantumvis
594 401 851 477 juridica
892 446 909 475 ‚
974 412 1045 465 et.
1089 347 1471 479 privilegiata
1517 424 1697 465 causa
1741 450 1760 476 ,

158 474 371 548 colore,
412 486 708 552 praetextu
730 522 747 545 ,
784 488 846 539 et
882 478 1117 553 capite,
1162 481 1344 557 etiam
1396 482 1462 541 in
1501 501 1758 557 corpore

154 552 283 629 juris
324 550 533 612 clauso
560 594 575 620 ,
620 551 793 616 nullo
847 574 1122 629 unquam
1168 566 1443 631 tempore
1483 556 1560 617 de
1613 557 1754 617 sub-

157 628 425 703 reptionis
448 674 465 699 ,
502 627 601 690 vel
640 628 1053 705 obreptionis,
1092 642 1200 691 aut
1239 630 1532 693 nullitatis
1568 633 1754 707 vitm,

159 724 245 763 seu
266 706 624 766 intentionis
643 710 873 765 Nostrae
892 748 905 771 ‚
932 717 1041 769 aut
1072 708 1366 768 interesse
1392 708 1756 773 habentium

159 800 457 841 consensus
478 825 497 853 ‚
534 781 735 843 aliove
770 781 1051 859 quolibet
1078 828 1095 854 ‚
1136 786 1322 847 etiam
1409 789 1757 849 uantumvis

160 877 393 932 magno,
424 878 495 917 ae
532 857 810 929 formali,
852 870 914 919 et
942 858 1332 923 substantiali
1365 805 1608 924 gefeetu
1647 882 1756 921 no.

161 936 293 1005 tari,
341 936 723 1010 impugnari,
758 936 1043 1012 infringi,
1087 940 1448 1011 retractari,
1498 938 1564 997 in
1614 958 1756 999 con·

161 1012 493 1071 troversiam
544 1011 793 1077 vocari,
842 1024 951 1073 aut
988 1012 1067 1076 ad
1114 1014 1412 1079 terminos
1461 1015 1614 1090 juris
1665 1034 1758 1073 re·

162 1085 278 1147 duci
304 1128 323 1157 ,
354 1108 462 1147 scu
504 1087 795 1149 adversus
826 1086 959 1149 illas
998 1091 1356 1165 aperitionis
1386 1092 1510 1162 oris
1529 1136 1548 1165 ‚
1590 1092 1759 1149 resti·

160 1164 393 1223 tutionis
412 1166 479 1223 in'
502 1165 809 1240 integrum
830 1208 845 1233 ,
876 1164 1121 1227 aliudve
1140 1166 1574 1243 quodcumque
1589 1168 1761 1243 juris,

162 1238 283 1299 facti
322 1238 421 1301 vel
456 1244 667 1315 gratiae
695 1242 1029 1307 remedium
1057 1243 1356 1308 intenta-ri
1379 1289 1394 1317 ,
1436 1241 1536 1304 vel
1575 1245 1762 1319 impe-

162 1317 294 1375 trari
318 1361 335 1388 ‚
383 1328 495 1376 aut
541 1319 723 1377 etiam
762 1324 931 1380 Motu
972 1320 1139 1395 pari,
1162 1331 1245 1381 et
1288 1318 1365 1379 de
1401 1318 1764 1395 Apostolicae

161 1395 451 1465 potestatis
488 1390 870 1470 plenitudine
892 1394 1075 1458 simili
1108 1415 1430 1469 concess0,
1457 1394 1558 1457 vel
1598 1416 1760 1457 ema·

164 1477 323 1540 nato,
361 1472 709 1547 quempiam
730 1472 809 1534 in
840 1471 1103 1549 iudicia,
1126 1466 1226 1534 vel
1251 1485 1421 1531 extra
1455 1470 1608 1531 illud
1626 1474 1762 1547 mi,

164 1563 249 1603 seu
282 1565 343 1605 se
384 1552 603 1623 iuvare
648 1544 775 1607 ullo
808 1548 990 1609 modo
1026 1568 1240 1625 potsse3
1281 1548 1386 1607 sed
1419 1550 1578 1624 ipsas
1608 1570 1760 1625 prae·

164 1632 339 1682 sentes
368 1644 609 1699 semper
658 1624 897 1696 firmem,
933 1622 1161 1687 validas
1189 1670 1204 1697 ‚
1235 1634 1299 1683 et
1341 1624 1608 1685 efficaces
1638 1629 1758 1685 cxi·

164 1707 338 1769 stere,
393 1710 458 1759 et
502 1700 665 1772 fore,
700 1719 863 1760 suos
900 1720 975 1762 ue
1007 1697 1351 1775 plena-im,
1394 1712 1456 1760 et
1494 1702 1761 1775 integros

166 1773 386 1835 effectus
440 1777 699 1845 sortiri,
738 1786 803 1836 et
850 1777 1177 1849 ontinere,
1223 1795 1292 1837 ac
1335 1774 1416 1833 ab
1469 1774 1626 1846 illis,
1683 1778 1763 1835 ad

164 1870 297 1925 quos
328 1862 597 1927 spectat,
638 1861 699 1910 et
732 1871 847 1927 pro
892 1856 1199 1928 tempore,
1253 1850 1764 1927 quandocumque

165 1927 439 2002 spectabit
454 1974 471 2002 ‚
492 1924 900 1990 indelebiliter
920 1972 936 1999 ‚
958 1939 1019 1989 et
1036 1931 1395 2006 inconcusse
1421 1927 1758 1993 observari.

236 2000 289 2083 §-
342 2025 431 2063 10.
474 2007 691 2079 Sicque
720 2050 738 2077 ,
786 2014 849 2067 et
904 2026 1026 2069 non
1083 2004 1263 2071 aliter
1315 2007 1382 2063 in
1443 2008 1763 2083 praemissis

167 2082 411 2152 censeri,
453 2092 638 2157 atque
672 2082 753 2141 ita
786 2100 895 2157 per
924 2100 1342 2159 quoscumque
1367 2082 1608 2147 Judices
1645 2086 1758 2143 Or·-

163 2154 407 2217 .dina1·ios
427 2200 441 2224 ,
480 2167 546 2217 et
586 2156 933 2233 Delegatos‚
966 2161 1151 2217 etiam
1181 2164 1521 2222 Causarum
1551 2157 1763 2228 Palatii

166 2232 473 2307 Apostolici
514 2234 843 2301 Auditores
862 2276 879 2303 ,
910 2255 981 2293 ac
1004 2245 1224 2293 contra
1250 2234 1593 2295 haereticam
1623 2258 1760 2313 pra-

166 2310 391 2371 vitatem
422 2308 753 2375 ,Generales
782 2312 1179 2387 Inquisitores
1200 2354 1217 2383 ,
1243 2320 1305 2369 et
1321 2309 1472 2377 alios
1495 2314 1766 2389 eiusdem

166 2385 212 2441 S.
234 2388 302 2445 R.
328 2392 397 2449 E.
436 2382 829 2459 cardinales,
870 2388 1055 2448 etiam
1088 2386 1167 2445 de
1214 2390 1430 2447 Latere
1475 2392 1722 2463 Legatos
1746 2435 1762 2462 ,

1853 332 2000 401 1744.

1860 2012 2030 2063 Aliter
2085 1992 2129 2035 '²

1783 2080 2007 2147 judicari

1784 2148 2021 2216 prohibe.
2118 2220 2126 2225 .
2187 2136 2218 2185 Ἃ

1787 2222 1893 2267 tur.

167 2472 215 2519 et
254 2466 299 2522 A
346 2461 610 2523 ostolicae
646 2462 811 2524 Sedis
848 2462 1149 2539 praedictae
1189 2464 1494 2534 Mucios,
1541 2464 1765 2527 aliosve
1799 2522 1804 2531 ,

168 2554 295 2610 quos
320 2540 443 2597 ibet
482 2558 866 2613 quacumque
906 2540 1404 2614 praeeminentia,
1449 2558 1518 2597 ac
1567 2552 1762 2629 potes-

170 2620 273 2673 tate
325 2616 645 2689 fungentes
673 2660 689 2686 ‚
738 2626 799 2673 et
836 2615 1182 2682 sanctores,
1231 2612 1474 2675 sublata
1527 2634 1648 2689 eis,
1705 2628 1768 2676 et

170 2706 355 2750 eorum
376 2689 635 2759 cuilibet
658 2690 836 2763 aliter
862 2691 1175 2768 iudicandi
1192 2736 1209 2763 ‚
1235 2702 1297 2750 et
1323 2691 1770 2767 interpretandi

170 2762 431 2829 facultate
463 2813 479 2839 ‚
514 2768 773 2844 judicari
797 2814 813 2841 ,
852 2779 913 2827 et
947 2768 1186 2835 definiri
1221 2767 1484 2844 debere3
1521 2788 1591 2829 ac:
1631 2770 1764 2827 irri-

171 2848 281 2901 tum
320 2856 381 2903 et.
428 2846 645 2917 inane,
696 2844 747 2901 si
798 2864 968 2907 secus
1012 2866 1193 2921 super
1241 2844 1333 2903 his
1375 2866 1410 2905 a
1457 2863 1768 2920 quoquam

171 2922 359 2988 quavis
399 2922 766 2979 auctoritate
802 2922 1063 2991 scienter
1106 2918 1202 2983 vel
1245 2922 1600 2997 ignoranter
1623 2941 1767 2981 con·

173 2994 349 3065 tigerit
386 2997 707 3056 attentari.
1290 3010 1292 3012 '
1381 3047 1388 3053 .

234 3064 282 3145 §-
327 3090 410 3129 11.
458 3077 595 3138 Non
635 3072 1059 3146 obstantibuS,
1104 3085 1409 3149 quatenus
1453 3096 1606 3151 opus
1650 3076 1766 3150 sit,

172 3144 515 3223 Nostra‚xet
569 3148 957 3219 Cancellariae
1000 3150 1358 3225 Apostolicae
1415 3150 1646 3227 Regula
1695 3150 1766 3207 de

160 3222 549 3301 juraquaesito
588 3245 707 3281 non
752 3224 1003 3281 tollendo
1028 3271 1043 3297 ‚
1090 3225 1230 3288 aliis,
1269 3248 1342 3285 ue
1374 3227 1767 3305 ApostoliciS,

172 3313 231 3351 ac
270 3299 331 3359 in
382 3300 871 3367 universalibus,
909 3306 1225 3363 Provincia
1257 3303 1427 3374 ibus,
1471 3314 1532 3363 et
1579 3308 1768 3379 Syno-

174 3368 395 3437 dalibus
436 3376 725 3444 Conciliis
776 3378 987 3453 editis„
1036 3378 1454 3455 generalibu5‚
1495 3378 1594 3442 vel
1633 3402 1764 3461 spe-

1843 3073 2064 3127 Contra·
2131 3124 2138 3131 ,

1791 3141 1882 3221 riis
1907 3210 1918 3221 ⁶
1959 3144 2064 3209 ple,

1791 3224 2004 3261 IUSSU-'ne

1790 3276 2061 3345 derogatur
2089 3328 2094 3333 .

2277 2712 2351 3066 ’ἒῒῖιξψνῇῆ
2299 2602 2302 2607 ·
2302 2550 2308 2555 ·
