2434 3992
672 218 790 269 222
1169 198 1557 267 Bannmcrx
1604 197 1779 265 xlv.

369 324 412 380 P
487 341 523 381 n
547 338 602 379 -12,
668 312 830 371 tiarii
854 306 1184 369 taxandum
1204 354 1221 383 ,
1242 308 1509 387 reditum
1528 308 1607 367 ad
1631 307 1951 386 proprium
1970 307 2235 370 Ordinem
2250 298 2279 371 ί

407 391 606 449 A.1V.
667 389 925 449 Interim
970 406 1154 459 vere,
1199 387 1251 445 si
1288 386 1604 463 expediat,
1642 406 1677 445 a
1722 386 1999 446 censuris
2039 387 2264 445 eundem

667 464 986 527 absolvere
1006 508 1017 531 ,
1046 462 1145 524 vel
1165 462 1403 523 absolvi
1428 462 1721 522 mandare
1737 464 1929 541 possit
1943 506 1959 535 ,
1979 484 2114 522 cum
2138 466 2261 523 rein·

647 543 932 613 „cidentia
952 542 1000 599 si
1027 544 1192 601 intra
1222 540 1719 617 dictum—tempus
1740 541 1993 599 minime
2019 540 2262 611 redierit,

671 618 906 697 (dilata
945 628 1152 677 tamen
1197 638 1393 695 usque
1426 617 1501 677 ad
1545 615 1848 677 actualem
1882 614 2145 677 reditum
2172 618 2264 676 dis·

666 698 1032 775 pensatione
1089 715 1275 771 super
1301 693 1804 773 irregularitate,
1862 696 1911 753 si
1972 696 2128 755 forte
2162 714 2266 753 eam

659 776 920 851 insuper
945 773 1381 846 contraxisset)
1423 794 1438 831 ε
1472 784 1535 832 et
1559 770 1706 831 alias
1738 780 2034 850 praeterea
2058 792 2266 849 poenaS,

669 853 798 911 sive
841 850 920 909 de
957 854 1096 927 iure
1142 850 1493 923 communi,
1543 851 1671 908 sive
1715 870 1783 908 ex
1828 850 2083 909 statutis
2120 848 2265 908 Ordi-

666 948 820 987 num
841 974 856 1001 ‚
897 937 1152 1004 propter
1185 928 1567 1003 Apostasiam
1590 971 1604 998 ‚
1631 944 1735 985 seu
1778 926 1988 1001 fugam
2014 924 2266 994 inflictas,

611 1002 618 1025 ⁹
669 1006 930 1065 discrete
955 1003 1298 1073 moderari,
1326 1013 1709 1063 commutare
1725 1044 1741 1073 ,
1768 1001 1868 1065 vel
1894 1004 2077 1063 etiam
2094 1048 2110 1076 ‚
2131 1008 2267 1079 iuxta

667 1081 1005 1159 peculiares
1037 1082 1563 1151 circumstantias,
1606 1080 1959 1140 condonare
1992 1081 2186 1157 possit.
2224 1079 2268 1135 si

670 1178 820 1221 vero
863 1178 1036 1217 casus
1077 1158 1379 1235 ejusmodi
1424 1156 1535 1225 sit,
1577 1167 1684 1230 ut,
1736 1176 1804 1217 re
1858 1158 2179 1233 praesertim
2218 1157 2267 1213 in

669 1238 988 1313 Signatum
1045 1233 1349 1307 discussa,
1414 1244 1737 1293 censeatur
1778 1234 2091 1310 expedire,
2132 1232 2269 1308 quod

668 1313 900 1391 absque
924 1310 1126 1372 reditu
1158 1312 1234 1371 ad
1274 1313 1594 1387 proprium
1618 1356 1634 1381 ,
1670 1312 1968 1371 transitus
2002 1310 2182 1371 eidem
2209 1308 2269 1369 ad

669 1388 858 1449 alium
905 1387 1204 1450 Ordinem
1244 1388 1666 1464 concedatur3
1710 1390 1903 1464 possit
1942 1394 2131 1464 Major
2168 1392 2267 1445 Poe-

667 1466 1064 1527 nitentiarius
1119 1463 1283 1523 istud
1334 1466 1520 1523 etiam
1574 1465 1945 1538 concedere,
2017 1461 2271 1523 adhibitis
2362 1484 2364 1509 =

665 1552 874 1603 tamen
925 1543 996 1601 iis
1046 1541 1444 1601 cautionibus
1466 1548 1496 1615 ,‘
1538 1562 1691 1617 quas
1745 1541 1824 1603 ad
1876 1540 2269 1603 refrenandam

669 1618 931 1695 vagandi
981 1617 1295 1678 licentiam
1338 1620 1737 1692 necessarias,
1785 1638 1890 1679 seu
1932 1627 2273 1695 opportunas

663 1696 1070 1773 iudicaverit3
1111 1714 1352 1755 necnon
1406 1694 1508 1755 illa
1561 1715 1689 1771 prae
1737 1695 1928 1757 oculis
1988 1692 2269 1761 habendo,

659 1792 802 1849 quae
841 1774 1003 1833 infra
1029 1774 1190 1831 circa
1228 1772 1555 1832 transitum
1598 1772 2031 1847 disponentur.
2068 1771 2271 1833 Nemini

665 1860 876 1909 autem
897 1848 1188 1918 Regulari
1266 1868 1611 1917 uanumque
1640 1848 1717 1900 de
1742 1869 1924 1909 causa
1953 1848 2271 1924 permittere

661 1918 902 1992 valeat,
952 1929 1024 1979 ut
1059 1918 1128 1977 in‘
1173 1919 1253 1977 ha
1302 1920 1395 1977 itu
1432 1915 1749 1991 Saeculari,
1788 1938 1895 1978 seu
1934 1924 2150 1979 Clerici
2184 1929 2269 1977 Sm-

663 1992 924 2129 culartis,
989 1997 1052 2053 in
1109 2003 1477 2071 perpetuum
1530 2004 1697 2053 extra
1756 1994 2039 2056 Claustra
2103 1998 2270 2058 vivere

657 2090 822 2147 possi
861 2110 876 2127 .
1213 2090 1219 2096 ⁵

448 2150 610 2216 Super
657 2174 666 2181 ·
743 2144 800 2279 ἦ.
832 2143 928 2221 34.
966 2144 1184 2221 Quoad
1220 2146 1550 2206 transitum
1576 2166 1726 2208 vero
1760 2145 1840 2205 de
1858 2168 1987 2208 una
2018 2148 2095 2209 ad
2126 2148 2267 2208 aliam
2320 2144 2325 2157 '

363 2219 594 2269 transitu
667 2226 756 2281 Re
783 2223 1076 2298 igionem,
1115 2243 1241 2281 non
1282 2222 1479 2282 solum
1520 2222 1726 2285 valeat
1766 2221 1944 2284 illum
1980 2225 2269 2287 concedere

365 2287 434 2361 ἰ).
453 2299 558 2334 ‘¹⁰⁰
579 2281 702 2359 “da
757 2297 974 2359 laxiori
1024 2298 1105 2357 ad
1165 2301 1529 2374 arctiorem,
1586 2306 1761 2379 iuxta
1816 2300 1967 2379 Cap.
2020 2305 2179 2361 Licet
2214 2301 2267 2356 cle

362 2349 643 2469 Rimmon
666 2376 959 2455 Regulam
1004 2394 1225 2437 verum
1272 2379 1457 2437 etiam
1500 2376 1580 2435 ad
1625 2376 1919 2455 aequalem
1942 2426 1960 2453 ,
2000 2379 2165 2439 et‘ab
2194 2400 2266 2437 ar·

403 2434 560 2471 mem·
663 2452 843 2513 ctiori
871 2451 948 2512 ad
993 2451 1320 2526 laxiorem,
1360 2452 1443 2513 ob
1476 2459 1667 2531 justas
1705 2465 1913 2515 tamen
1942 2501 1958 2530 ,
1997 2468 2061 2517 et
2095 2475 2267 2533 graves

662 2531 999 2607 respective
1019 2548 1231 2590 causas
1256 2530 1337 2589 ab
1360 2530 1572 2589 eodem
1606 2536 1821 2609 Maiori
1846 2534 2266 2594 Poenitentiario

659 2606 1053 2685 probandas3
1103 2606 1317 2667 audito
1350 2609 1523 2683 prins
1562 2610 1889 2686 superiore
1933 2610 2207 2683 Ordinis,
2239 2629 2265 2665 a

663 2702 821 2760 quo,
865 2693 927 2744 et
970 2704 1110 2743 cum
1157 2703 1455 2744 consensu
1506 2687 1846 2762 Superioris
1892 2687 2165 2757 Ordinis,
2205 2684 2263 2743 ad

663 2781 848 2838 quem
875 2760 1190 2821 faciendus
1213 2772 1306 2819 est
1336 2762 1650 2821 transitus.
1678 2768 1797 2823 Pro
1846 2767 2069 2843 majori
2096 2772 2262 2823 autem

657 2840 964 2897 transitus
997 2836 1328 2909 firmitate,
1356 2841 1419 2897 in
1456 2838 1550 2898 his
1580 2839 1868 2900 omnibus
1902 2842 2263 2915 casibuspos-

660 2915 741 2974 sit
772 2915 934 2974 idem
981 2920 1177 2991 Major
1203 2916 1705 2975 Poenitentiarius
1740 2920 2001 2978 statutis
2026 2930 2084 2977 et
2110 2914 2260 2993 privi-

660 2986 832 3067 legiis
866 2990 1233 3067 Apostolicis
1277 2991 1743 3069 quomodolibet
1782 2994 2159 3055 obstantibus
2181 3012 2260 3067 op-

657 3078 929 3143 poi-tune
961 3067 1278 3143 derogare.

337 3180 347 3185 ν
410 3157 635 3208 Ordines
735 3142 794 3223 §.
820 3141 918 3202 35.
942 3148 1176 3205 Verum
1213 3144 1520 3205 abstineat
1552 3146 1633 3206 ab
1658 3145 2012 3225 hujusmodi
2036 3144 2258 3206 transitu
2358 3156 2360 3203 ὲ

357 3226 578 3293 excepti.
657 3220 1051 3281 concedendo
1094 3221 1171 3281 ad
1222 3220 1369 3282 alias
1410 3221 1792 3299 ReligioneS,
1832 3242 1937 3284 seu
1994 3222 2254 3287 OrdineS,
2359 3240 2360 3255 ¹

2344 3620 2355 3635 ,

622 3308 880 3371 ·praeter
905 3317 1089 3373 quam
1124 3298 1201 3357 ad
1237 3297 1408 3371 illas,
1436 3320 1541 3359 seu
1580 3299 1753 3375 illos,
1792 3302 1855 3360 in
1895 3300 2107 3377 quibus
2124 3296 2252 3356 clau·

651 3373 858 3431 sti-alis
875 3418 890 3444 ,
926 3385 988 3433 et
1013 3374 1309 3450 regularis
1334 3375 1727 3437 observantia
1752 3377 2255 3456 vigere'dignosca·

656 3457 797 3524 tur3
841 3448 1006 3525 quod
1047 3454 1095 3510 si
1127 3452 1203 3510 de
1246 3449 1352 3511 tali
1390 3450 1742 3529 claustrali,
1784 3471 1845 3515 et
1884 3454 2137 3531 regulari
2172 3447 2256 3508 ob·
