2434 3992
686 176 1131 243 BULLAmtm.
1248 153 1259 165 ’
1662 178 1779 246 185

1836 298 2049 347 Anno

177 358 1781 390 mmmmmmmmmmm.mm...mmmmm-„m-
1876 362 2022 427 „44

571 502 1347 575 SAECULARIZATIO
1754 544 1759 549 ·
1886 518 1998 572 xc.

179 670 399 757 Aliquot
427 670 832 737 Ecclesiarum
858 670 1241 747 Germaniae,
1289 687 1393 737 aut
1430 673 1781 741 earumdem

245 756 574 821 reddituum
605 758 956 821 imminutio
981 780 1016 819 a
1043 756 1407 845 quibusdam
1433 760 1783 845 proposita,

243 841 586 929 reprobatur
610 888 632 915 ‚
671 857 732 907 et
775 864 1094 929 nunquam
1134 840 1447 908 toleranda
1480 842 1782 927 edicitur,

245 948 369 991 cum
395 927 814 993 admonitione
843 927 920 991 ad
953 924 1407 991 Germanorum
1440 928 1782 996 AntistiteS.

180 1085 396 1151 Dilecto
448 1086 622 1151 Filio
675 1084 914 1150 Nostro
961 1066 1240 1169 Jostho
1296 1086 1355 1149 T
1347 1086 1421 1151 it.
1472 1084 1541 1151 S.
1595 1086 1786 1151 Petri

263 1172 328 1233 in
401 1170 630 1235 Monte
690 1172 912 1235 Aureo
975 1170 1361 1256 Presbytero
1410 1168 1481 1235 S.
1522 1170 1623 1235 -R.
1689 1170 1783 1235 E.

269 1255 604 1327 Cardinali
645 1257 724 1319 de
769 1254 1139 1343 Lambergh
1181 1268 1558 1340 nuncupato

299 1436 994 1545 BENEDICTUS
1054 1436 1337 1539 ΡΑΡΑ
1393 1436 1631 1529 XIV.

181 1628 376 1685 Dilecto
439 1627 568 1686 Fili
624 1590 822 1683 noster
851 1664 865 1692 ,
929 1624 1184 1681 salutem
1201 1672 1223 1698 ‚
1274 1641 1335 1685 et
1380 1632 1787 1708 Apoecolieam

715 1698 1225 1760 Benedictionem.

184 1806 320 1935 UT
355 1880 624 1953 primum
665 1877 854 1953 Nobis
892 1889 1276 1953 compertum
1328 1889 1419 1940 est
1441 1926 1458 1954 ‚
1504 1880 1670 1961 quod
1711 1880 1788 1940 ad
1843 1886 2085 1941 Pontifex

183 1966 501 2027 praesentem
549 1974 756 2013 rerum
795 1955 858 2013 in
903 1957 1233 2016 Germania
1272 1968 1503 2017 statum
1542 1976 1783 2035 compo·
1808 1970 1927 2035 epm
1941 1954 2086 2005 Prin·

186 2030 418 2090 nendum
434 2073 453 2104 ‚
489 2049 826 2108 pacemque
854 2031 917 2090 in
942 2052 1023 2103 ⁵ea
1065 2029 1493 2094 stabiliendam
1515 2080 1532 2109 ‚
1561 2054 1785 2113 propo·
1808 2022 2010 2099 ιῑῑΡΙῙΜΞ
2046 2087 2057 2097 ,

185 2118 436 2181 uteretur,
478 2118 590 2166 aut
625 2106 860 2183 aliquos
898 2127 968 2166 ex
1011 2110 1472 2187 Episcopatibus
1528 2086 2088 2200 maximec⁸3h⁰¹¹⁰¹1

185 2183 486 2261 insignibus
512 2186 574 2242 in
605 2182 938 2242 secularem
965 2196 1330 2259 potestatem
1362 2188 1655 2263 redigere,
1678 2161 1965 2273 autssffitg
2012 2170 2089 2269 ἐξ,

185 2256 292 2317 illos
320 2258 766 2336 Principatibus
786 2304 802 2331 ,
837 2260 944 2336 qui
969 2280 1107 2318 cum
1144 2264 1228 2319 eis
1267 2268 1578 2352 conjuncti
1611 2273 1787 2340 sunt,
1809 2236 2011 2340 „101033

185 2332 258 2393 vel
287 2339 610 2411 conspicua
647 2335 954 2395 bonorum
991 2347 1168 2409 parte
1197 2380 1214 2411 ‚
1246 2336 1507 2412 spoliare
1537 2362 1554 2415 ς
1599 2340 1787 2399 idem·
1811 2353 2033 2407 consilio

187 2429 279 2484 que
303 2414 594 2493 perficere
619 2414 682 2470 in
713 2410 1140 2487 pinguioribus
1165 2412 1538 2487 redditibus,
1575 2418 1682 2491 qui
1713 2414 1793 2475 ad
1812 2422 2087 2475 deterreat.

187 2487 446 2551 Abbatias
465 2535 481 2562 ‚
508 2498 618 2548 aut
635 2490 1048 2555 canonicatus
1069 2533 1084 2558 ,
1125 2486 1395 2565 aliasque
1412 2488 1789 2551 Ecclesiasti-

187 2582 262 2623 cas
291 2568 622 2641 Dignitates
657 2569 795 2642 jure
831 2566 1187 2640 pertinent3
1228 2574 1301 2622 ut
1344 2564 1637 2625 nimirum
1682 2586 1793 2642 per

188 2637 503 2717 huiusmodi
531 2642 840 2701 bonorum
871 2638 1254 2716 opulentiam
1276 2652 1603 2715 augeretur
1619 2644 1792 2701 Prin·

187 2717 357 2793 cipum
389 2716 770 2778 secularium
821 2715 1158 2791 temporale
1199 2716 1543 2776 dominium
1568 2760 1583 2788 ‚
1622 2722 1792 2776 AEra·
1866 2780 1871 2785 ,

176 2794 352 2869 rium,
394 2813 668 2872 opesque
701 2791 1229 2868 amplificarentur
1256 2812 1272 2852 ε
1304 2794 1514 2853 statim
1536 2839 1553 2867 ‚
1602 2798 1791 2854 Ante·

187 2888 460 2930 cessorum
523 2876 890 2930 Nostrorum
935 2868 1247 2945 exemplo,
1299 2872 1407 2948 qui
1457 2870 1633 2929 novis
1659 2910 1673 2932 ,
1724 2890 1795 2929 ac

187 2948 511 3017 perniciosis
536 2946 833 3024 eiusmodi
853 2944 1034 3005 rebus
1056 2947 1307 3005 summis
1328 2946 1565 3006 viribus
1586 2946 1795 3006 adver-

189 3025 281 3080 sati
315 3035 490 3099 sunt3
556 3044 698 3081 cum
757 3024 1052 3097 superiori
1102 3022 1321 3082 saeculo
1362 3024 1425 3081 in
1461 3023 1798 3082 Germania

190 3096 290 3157 duo
316 3098 750 3175 metropolitem,
777 3110 839 3157 et
867 3101 1078 3174 Episco
1125 3110 1260 3157 atus
1285 3118 1386 3157 sex
1408 3096 1592 3158 deleti
1616 3108 1795 3173 sunt,

190 3173 239 3229 in
286 3175 403 3234 alio
443 3187 649 3235 autem
694 3173 984 3233 deformis
1035 3172 1138 3232 ila
1185 3177 1349 3232 inter
1404 3173 1798 3246 catholicos,

191 3258 238 3307 et
259 3254 659 3312 Protestantes
692 3249 929 3309 alterna
967 3252 1263 3309 successio
1299 3252 1629 3310 constituta
1667 3260 1798 3324 θεὶς

192 3342 295 3384 non
341 3330 656 3388 omisimus
693 3347 805 3403 per
853 3325 1095 3396 litei-aa,
1134 3328 1319 3385 etiam
1360 3346 1546 3389 manu
1585 3336 1799 3386 nostra

191 3405 566 3482 conscriptas,
603 3404 947 3481 PrincipeS,
997 3402 1221 3481 quibus
1263 3402 1322 3462 id
1362 3405 1568 3481 magni
1606 3406 1793 3465 inter-
