2434 3992
736 152 1181 219 Bmmnmm.
1679 152 1803 217 523

182 260 408 331 Lazari,
437 260 616 319 etiam
645 257 805 318 dieta
834 258 1046 319 Militia
1078 264 1138 317 S·
1168 258 1442 319 Mauritii
1483 260 1765 321 instituta
1787 305 1803 329 ,
1861 278 1908 335 A
1928 298 1964 335 Ν
1984 298 2075 337 10

183 336 471 395 et'ambae
525 338 789 397 invicem
818 381 835 407 ,
878 356 947 394 ac
993 356 1161 411 aeque
1224 335 1651 413 principaliter
1681 378 1698 407 ,
1745 348 1808 397 et
1904 346 2051 414 ¹744·

182 413 468 473 conformi
514 412 759 489 regula,
804 412 1232 489 observantia,
1273 410 1596 488 disciplina
1626 457 1643 485 ,
1691 414 1804 475 eis·

182 491 428 567 demque
469 488 701 567 legibus
729 536 745 563 ‚
787 500 850 549 et
902 490 1199 549 institutis
1237 492 1425 551 unitae
1451 537 1468 565 ‚
1507 510 1578 548 ac
1603 490 1807 565 privi-

182 566 318 641 legia
340 612 355 640 ,
390 569 853 649 ‘exemptiones-u
908 563 1197 640 indulta,
1234 577 1298 625 et
1335 566 1453 627 alia
1499 567 1810 643 praemissa

181 644 411 719 utrique
456 642 687 703 Militiae
740 641 1055 718 specifice,
1091 646 1495 717 nominatim,
1546 649 1806 721 conjun-

182 722 311 777 ctim
331 765 348 791 ‚
378 720 735 781 indistincte
755 763 768 789 ‚
790 730 853 777 et
876 738 1149 793 expresse
1170 741 1454 779 concessa
1481 730 1542 779 et
1555 719 1810 795 elargita

184 797 421 855 fuissent
474 818 491 855 ε
545 807 734 873 prout
785 798 849 855 in
900 795 1153 871 singulis
1202 799 1328 869 Pii,
1374 797 1697 873 Gregorii,
1747 806 1810 855 et
1851 804 1867 811 ”

184 871 503 934 Clementis
543 872 1055 933 Praedecessorum
1094 874 1531 950 praedictorum
1580 892 1806 931 memo·
1856 872 1863 877 ’

183 952 315 1011 ratis
354 951 575 1011 Literis
609 948 795 1009 latius
819 996 837 1022 ‚
890 959 954 1008 et
992 948 1249 1010 uberius
1286 954 1666 1011 continetur.

247 1098 299 1179 §-
354 1098 415 1159 5.
476 1106 687 1177 Nuper
741 1121 891 1161 vero
948 1121 1062 1176 pro
1123 1114 1303 1177 parte
1359 1103 1675 1165 carissimi
1745 1103 1810 1163 in
1880 1111 2117 1163 Difficul-

183 1176 420 1239 Christo
448 1177 588 1237 Filii
609 1180 813 1239 Nostri
846 1176 1055 1237 Caroli
1079 1178 1494 1240 Emmanuelis
1518 1180 1812 1239 Sardiniae
1838 1185 1914 1227 ἰοῦ
1978 1180 2080 1246 egi·

182 1256 343 1331 Regis
374 1252 641 1315 Illustris
661 1301 677 1328 ‚
705 1276 777 1315 ac
810 1254 1128 1314 Sabaudiae
1158 1260 1344 1317 Ducis
1364 1302 1382 1331 ,
1417 1267 1481 1317 et
1505 1258 1814 1333 praedictae
1833 1244 1986 1307 fiendi

182 1331 395 1393 Militiae
418 1336 783 1392 Sanctorum
806 1332 1076 1391 Mauritii
1110 1343 1173 1392 et
1204 1335 1414 1393 Lazari
1449 1337 1651 1409 Magni
1685 1339 1808 1392 Ma·
1833 1312 2116 1389 C⁰m3¹²‘'¹·

181 1410 379 1483 gistri,
426 1409 615 1469 Nobis
656 1409 1067 1485 significatum
1100 1420 1226 1484 est,
1267 1410 1684 1487 supradictam
1719 1408 1807 1469 fa·
1831 1379 2117 1494 Ῐ-’ἒζωζᾭίζ

181 1484 468 1548 cultatem
494 1493 713 1560 Magno
748 1485 1038 1561 Magistro
1063 1484 1420 1563 hujusmodi
1444 1510 1480 1547 a
1509 1491 1567 1546 S.
1596 1490 1702 1547 Pio
1727 1492 1807 1549 V.
1834 1513 1886 1562 s,
1926 1513 2018 1561 1:50

182 1563 617 1621 Praedecessore
666 1561 963 1636 praedicto
1014 1564 1416 1637 attributam,
1459 1575 1532 1623 ut
1579 1563 1811 1623 scilicet
1837 1578 2076 1630 Ρωμαί-

181 1640 479 1699 Beneficia
502 1635 919 1695 Ecclesiastica
950 1636 1247 1711 simplicia
1267 1640 1344 1698 de
1373 1646 1811 1715 Jurepatrona-
1839 1650 2000 1715 ptam.

179 1724 269 1774 tus
339 1716 669 1773 Laicorum
695 1756 711 1783 ,
770 1716 845 1769 ut
902 1712 1264 1787 praefertur,
1329 1717 1648 1775 existentia
1677 1760 1692 1785 ,
1753 1718 1819 1777 in

181 1791 644 1867 Praeceptorias,
689 1786 1128 1861 Commendas,
1163 1788 1486 1865 Cappellas
1507 1836 1523 1863 ‚
1556 1801 1666 1851 aut
1707 1798 1818 1851 Ec·

183 1864 387 1927 clesias
421 1866 598 1940 dictae
631 1863 894 1936 Militiae,
937 1870 1105 1941 juxta
1150 1865 1416 1925 formam
1457 1869 1522 1926 in
1559 1866 1824 1927 laudatis

186 1943 451 2019 ejusdem
475 1946 527 2001 S.
551 1943 637 2001 Pii
652 1938 1107 2001 Praedecessoris
1132 1943 1348 2001 Literis
1369 1946 1786 2021 praescriptam
1804 1991 1822 2017 ‚

186 2022 413 2097 erigere
451 2016 688 2091 valeat,
728 2037 1047 2094 nunquam
1080 2017 1208 2077 fere
1246 2018 1325 2078 ad
1367 2019 1652 2080 effectum
1681 2042 1821 2098 per·

190 2096 353 2171 duci,
396 2106 461 2156 et
509 2097 755 2155 inanem
802 2102 874 2152 ut
909 2091 1282 2169 plurimum,
1331 2112 1518 2174 atque
1555 2098 1820 2158 frustra-

194 2194 359 2233 neam
401 2192 653 2231 manere
695 2192 711 2229 ε
757 2170 952 2246 quue
977 2191 1047 2229 ea
1082 2173 1462 2246 potissimum
1490 2174 1568 2234 de
1602 2196 1822 2248 causa,

192 2250 343 2323 quod
390 2249 471 2309 ad
507 2247 919 2307 conficiendas
956 2247 1020 2303 in
1053 2251 1332 2305 Romana
1377 2252 1566 2310 Curia
1597 2252 1824 2327 proha·

195 2328 383 2387 tiones
446 2343 629 2403 super
691 2322 933 2400 juribus
994 2322 1353 2381 eorumdem
1417 2330 1826 2388 Patronorum

196 2403 507 2469 laicorum
536 2445 551 2470 ‚
599 2397 1013 2461 erectionibus
1052 2398 1404 2474 hujusmodi
1439 2406 1826 2463 consentien-

197 2479 337 2539 tium
372 2525 395 2551 ‚
448 2478 618 2555 (quae
668 2475 901 2537 scilicet
952 2480 1089 2550 jura
1144 2471 1375 2534 eisdem
1431 2480 1711 2539 Patronis
1757 2500 1830 2539 ex

199 2554 553 2616 fundatione
579 2598 595 2625 ‚
652 2563 715 2613 et
764 2552 1100 2611 donatione
1140 2562 1488 2627 competere
1515 2598 1532 2624 ‚
1585 2566 1650 2613 et
1693 2557 1828 2631 qui·

200 2629 328 2691 dem
385 2650 503 2709 per
546 2628 795 2707 publica
852 2628 1258 2701 documenta,
1299 2649 1426 2687 non
1471 2634 1676 2689 a'utem
1717 2650 1832 2706 per

204 2706 307 2767 alia
354 2706 801 2785 probationum
848 2724 1105 2780 genera,
1146 2725 1355 2765 coram
1397 2725 1512 2780 pro
1553 2716 1834 2783 tempore

205 2783 593 2845 existentibus
624 2784 887 2843 Romani
911 2782 1222 2841 Pontificis
1249 2783 1312 2841 in
1344 2782 1513 2843 Urbe
1545 2784 1794 2845 vicario
1814 2829 1831 2857 ‚

208 2870 263 2919 et
298 2862 598 2923 Auditore
636 2866 977 2920 Causarum
1016 2860 1217 2919 Curiae
1258 2864 1530 2919 Camerae
1570 2864 1832 2935 Aposto-

209 2935 325 2997 licae
358 2982 375 3009 ‚
428 2938 665 3000 vocatis
705 2938 995 2995 interesse
1042 2932 1451 3004 habentibus,
1494 2936 1835 2997 secundum

248 3014 551 3074 raedictam
593 3018 649 3073 S.
696 3014 784 3072 Pii
828 3010 1288 3072 Praedecessoris
1337 3014 1834 3087 ordinationem,

210 3033 469 3166 Pegitime
508 3100 789 3151 constare
820 3088 1007 3147 debet
1030 3087 1051 3161 )
1076 3132 1093 3161 ,
1130 3088 1286 3149 adeo
1317 3109 1530 3165 graves
1563 3110 1836 3225 εκὲιεηεω

214 3164 287 3229 ob
310 3166 583 3229 locorum
609 3166 961 3227 distantiam
984 3162 1359 3242 plerumque
1379 3166 1616 3227 subeun
1665 3186 1714 3225 ae
1743 3186 1835 3226 es-

217 3254 373 3314 sent,
403 3246 735 3322 praesertim
757 3245 819 3302 in
842 3240 1081 3301 casibus
1100 3286 1115 3313 ,
1137 3244 1197 3299 in
1222 3242 1444 3317 quibus
1459 3245 1838 3318 oppositores

220 3320 553 3397 insurgere,
590 3332 655 3380 et
703 3320 839 3381 lites
876 3320 1136 3393 desuper
1172 3320 1238 3377 in
1273 3318 1485 3379 eadem
1520 3319 1688 3379 Urbe
1729 3340 1835 3379 no-

217 3405 336 3457 stra
354 3409 695 3459 contestare
708 3397 1089 3473 contingeret
1106 3405 1209 3472 3ut
1224 3414 1334 3473 per
1353 3395 1470 3457 hoc
1489 3395 1592 3475 hui
1601 3398 1841 3461 asmodi
1893 3404 1898 3412 “
