2434 3992
809 165 1257 236 Rumam-om.
1320 110 1339 133 N
1749 167 1827 257 57

190 277 467 352 vissent3
506 277 590 334 Ex
615 272 726 334 illo
763 278 926 336 enim
955 321 974 350 ‚
1017 275 1140 336 non
1179 289 1310 337 tam
1352 281 1655 354 majerum
1693 295 1840 356 nos·
1899 289 2108 346 Anao

192 363 467 426 trorum,
497 365 690 428 quam
739 357 950 413 nostra
988 357 1170 432 etiam
1204 355 1535 428 memoria,
1588 353 1842 430 prodie-
1939 355 2083 425 ¹743-

193 441 344 490 runt
361 432 630 505 insignes
649 431 840 491 Verbi
867 433 976 489 Dei
1001 438 1346 508 Praeeones3
1372 451 1633 507 quorum
1656 433 1845 492 etiam

195 509 260 566 in
306 509 630 586 praesentia
685 505 1121 584 quamplurimi
1165 507 1403 586 ubique
1464 529 1575 586 per
1622 508 1845 573 Catho-

201 582 386 644 licum
429 584 662 644 Orbem
693 586 1231 649 commendantur.
1268 593 1440 646 Inter
1474 585 1623 644 alios
1658 604 1809 648 vero
1820 631 1841 660 ‚

199 661 308 736 qni
333 659 656 736 praeclaras
701 664 1172 722 concionatoris
1201 665 1267 722 in
1294 661 1535 722 Palatio
1583 667 1841 738 Apost02

198 735 316 798 lico
347 749 554 814 partes
581 781 612 810 ‚.
647 759 886 798 summa
909 760 1063 798 -cum
1105 741 1368 820 nominis
1401 738 1611 812 laude,
1647 738 1841 817 exple·

199 825 451 886 verunt,
495 825 721 892 praeter
759 816 1193 898 venerabilem
1226 821 1507 875 Fratrem
1546 815 1846 878 Bonaven·

199 901 402 952 turam
435 895 730 951 Ferrariae
755 892 1305 970 Archiepiscopum
1347 913 1383 951 a
1430 891 1651 961 Nobis;
1698 893 1847 954 dum

199 970 260 1030 in
305 968 648 1028 minoribus
672 971 932 1046 ,pariter
983 990 1285 1042 essemum,
1344 989 1485 1027 eum
1528 966 1889 1046 voluptate*

199 1045 304 1104 diu
327 1045 638 1119 anditum,
663 1056 1081 1124 ac.tantopore
1107 1047 1443 1124 probatum
1463 1088 1478 1115 ,
1512 1045 1637 1104 duo
1662 1047 1849 1106 etiam

198 1125 262 1183 in
299 1126 552 1182 Sacrum
605 1127 840 1182 Sanctae
883 1128 1172 1184 Romanae
1211 1121 1491 1184 Ecclesiae
1522 1167 1530 1174 .
1559 1123 1849 1202 Gai-dina-

196 1198 344 1260 lium
365 1197 708 1276 Collegium
731 1199 952 1260 adlecti
983 1203 1273 1274 fuerunt,
1306 1197 1635 1260 Anselmns
1662 1221 1701 1261 a
1718 1207 1844 1260 Mo-

195 1275 403 1432 υοξοῑὶ
421 1321 439 1351 ,
479 1288 542 1336 et
573 1279 934 1338 Franciscus
965 1280 1168 1338 Maria·
1195 1277 1277 1338 ab
1305 1279 1543 1338 Arctio-

196 1425 480 1490 ventibus
503 1477 520 1505 ‚
564 1441 630 1490 at
677 1451 752 1490 ue
787 1450 858 1489 ex
897 1453 972 1492 eo
1011 1435 1199 1492 etiam
1240 1430 1741 1508 adducti‚·qnod
1777 1433 2163 1503 inadffioendi'

198 1507 326 1568 hac,
351 1506 532 1568 Alma
556 1513 645 1567 Ur
693 1528 724 1567 e
754 1519 966 1569 nostra
997 1507 1122 1569 alia
1143 1508 1392 1579 Officia,
1410 1509 1611 1588 ‘atque
1633 1507 1839 1568 Minis·
1867 1525 2113 1584 perpetuo

199 1586 350 1644 teria
391 1582 528 1645 aliis
556 1584 1008 1648 nonnullorum
1047 1585 1493 1662 Religiosorum
1534 1584 1843 1648 Ordinum
1870 1587 2137 1665 bgtiutmo·

197 1659 478 1727 Alumnis
530 1663 618 1722 ita
671 1662 923 1722 addicta
975 1665 1048 1720 ⁴in
1095 1673 1469 1740 perpetuum·
1488 1673 1657 1720 =sunt
1692 1707 1710 1736 ,
1773 1652 1921 1722 ut‘¹¹
1954 1667 2146 1702 munus

199 1758 455 1798 munera
491 1737 844 1816 hujusmodi
870 1781 887 1811 ‚
923 1750 1247 1816 tamquam
1280 1739 1399 1798 sihi
1430 1738 1637 1798 debita
1658 1785 1675 1810 ‚
1706 1741 1845 1799 viu·
1864 1719 2148 1799 eon-nmor-

173 1815 472 1876 ·dieantes
510 1815 818 1876 ordinum
879 1818 1261 1893 superiores,
1314 1835 1441 1892 qno
1476 1813 1849 1876 laudabilius
1865 1788 1997 1866 ΦΨ·

191 1891 505 1954 obeantur
531 1938 548 1964 ‚
573 1893 877 1970 optimum
912 1913 1219 1972 quemque
1243 1913 1501 1954 suorum
1526 1894 1846 1953 omnism-

196 1969 338 2043 dio,
383 1981 572 2047 atque
618 1990 766 2030 cura
808 1973 1235 2048 conquirunt.;
1276 1969 1643 2033 confidimus
1680 1969 1846 2046 fore,

193 2057 267 2106 ut
300 2046 734 2124 imposterum,
761 2048 1282 2124 quemadmodum
1304 2047 1635 2120 hactenus,
1664 2045 1847 2108 bene-

195 2123 440 2183 dicente
473 2125 736 2184 Domino
757 2167 772 2194 ,
795 2124 1026 2184 factum
1052 2137 1145 2186 est
1165 2170 1178 2196 ,
1226 2147 1297 2186 ex
1321 2135 1663 2185 memorato
1692 2131 1848 2203 Cap-

195 2203 603 2276 puccinorum
637 2201 872 2262 Ordine
901 2203 1100 2262 eximii
1129 2205 1194 2262 in
1231 2200 1586 2279 Apostolico
1622 2201 1851 2262 Palatio

199 2279 680 2346 concionatores
716 2278 1086 2353 habeantur.

273 2351 336 2490 §ss
378 2355 438 2413 3.
485 2361 582 2414 Ita
631 2375 745 2426 ue,
777 2362 950 2416 Motu
991 2357 1247 2435 proprio
1274 2396 1287 2421 ‚
1312 2375 1437 2416 non
1477 2355 1555 2414 ad
1596 2354 1853 2435 alicujus
1896 2364 2047 2430 Quod
2061 2380 2149 2430 per

197 2433 290 2491 No
337 2433 387 2492 is
411 2451 596 2509 super
659 2452 730 2492 oc
753 2431 972 2493 oblatae
999 2433 1319 2510 petitionis
1340 2433 1692 2491 instantiam
1712 2480 1724 2503 ‚
1746 2434 1853 2494 sed
1874 2437 2148 2509 praesentes

196 2507 276 2568 de
319 2519 531 2568 nostra
560 2529 728 2568 mera
753 2508 1200 2570 deliberatione
1220 2553 1235 2580 ‚
1266 2527 1337 2566 ac
1364 2517 1531 2566 certa
1568 2511 1853 2584 scientia,
1876 2504 2151 2560 ⁸²⁸²¹¹¹W¹³

197 2588 572 2646 auctoritate
605 2585 958 2663 Apostolica
986 2633 997 2645 .
1032 2598 1249 2646 tenore
1279 2585 1671 2660 praesentium
1702 2628 1715 2654 ‚
1743 2597 1856 2646 sta-

197 2663 434 2723 tuimus
453 2703 470 2732 ,
503 2663 887 2723 decernimus
908 2710 924 2738 ‚
961 2675 1026 2724 et
1053 2662 1445 2734 ordinamus,
1494 2661 1658 2736 quod
1683 2662 1852 2722 dein-

198 2759 342 2814 ceps
375 2742 690 2817 perpetuis
715 2741 940 2800 futuris
971 2739 1355 2818 temporibus
1387 2735 1671 2798 Officium
1700 2759 1851 2816 prae·

196 2815 442 2875 dictum
499 2819 969 2878 concionatoris
1020 2815 1357 2895 Apostolici
1388 2861 1405 2890 ,
1458 2812 1645 2874 alicui
1706 2817 1854 2878 dicti

199 2892 462 2952 Ordinis
513 2897 821 2954 Minorum
883 2897 1419 2973 Cappuccinorum
1470 2892 1797 2954 Professori
1834 2941 1851 2970 ,

195 2972 507 3030 committi
537 3012 551 3039 ,
601 2971 900 3046 concedi,
947 2982 1012 3032 et
1051 2973 1347 3048 assignari
1394 2969 1639 3029 debeat.
2020 3037 2023 3042 ¹

273 3044 335 3124 §-
377 3043 443 3122 4.
492 3053 904 3109 Decernentes
939 3049 1181 3108 easdem
1226 3057 1553 3124 praesentes
1601 3045 2135 3122 literas‚clausulae

193 3133 262 3182 et
300 3125 370 3182 in
393 3126 502 3186 ¹eis
537 3136 829 3186 contenta
883 3145 1297 3202 quaecunque,
1346 3143 1583 3199 semper
1626 3123 1800 3191 firma
1834 3171 1851 3198 ‚
1874 3133 2151 3187 etDecreta

195 3197 411 3260 valida
430 3245 448 3274 ‚
481 3213 544 3262 et
569 3201 834 3263 efficacia
860 3205 1113 3262 existere
1135 3248 1152 3276 ,
1169 3211 1233 3262 et
1261 3201 1394 3260 fore
1415 3247 1431 3274 ‚
1450 3206 1709 3276 suosque
1724 3199 1848 3278 ple-

189 3278 416 3336 narios
459 3289 522 3338 et
554 3281 825 3354 integros
865 3279 1114 3340 effectus
1139 3279 1361 3339 sortire
1385 3323 1401 3351 ,
1439 3287 1501 3336 et
1538 3277 1849 3351 obtinere,

91 3369 108 3378 ·
191 3373 270 3414 ac
315 3352 439 3412 illis
466 3401 484 3427 ‚
518 3357 599 3416 ad
637 3375 792 3432 quos
815 3367 1083 3432 spectat,
1111 3367 1173 3416 et
1256 3375 1327 3416 ro
1353 3365 1629 3431 tempore
1656 3375 1847 3432 quan-

191 3431 556 3508 documque
585 3433 920 3512 spectabit,
945 3435 1014 3496 in
1039 3435 1206 3501 omni
1252 3452 1361 3509 uS,
1404 3441 1466 3574 (ἒ
1500 3452 1616 3570 ger
1644 3436 1849 3494 omnia

307 1394 324 1411 .
359 1373 425 1412 α.
449 1355 556 1415 His
585 1373 764 1429 sane,
801 1353 1074 1434 aliisque:
1095 1357 1373 1416 animum
1400 1364 1683 1414 nostrum
1722 1373 1842 1414 mo-
1925 1380 2150 1438 Ufflst„
2245 1385 2250 1389 ·
