2434 3992
668 160 792 228 530
1153 127 1754 234 BENEmcrrr-le.

368 283 413 337 n
436 298 530 337 01ae
555 297 610 336 τ.
667 268 814 341 facti
847 310 860 335 ,
920 267 982 326 in
1042 266 1225 327 uberi
1284 284 1491 327 rerum
1558 265 2035 326 necessariarum
2073 265 2218 341 copia
2240 307 2257 340 ‚

403 352 475 404 A.
499 347 574 405 V.
669 345 941 405 omnium
987 343 1295 403 bonorum
1320 342 1622 418 Largitori
1660 340 1925 404 humiles
1962 345 2259 418 gratiarum

669 422 942 481 actiones
993 419 1275 480 laetanter
1310 419 1689 496 persolvant.

435 501 614 554 Caum
743 495 798 574 3.
856 516 908 554 1.
948 498 1321 557 Jamdudum
1346 543 1362 570 ,
1405 508 1465 555 et
1507 496 1584 554 ab
1629 492 2101 554 immemorabili
2137 504 2259 554 tem-

375 569 580 647 ⁰de¹¹d5³0
666 594 817 648 pore
871 575 936 632 in
991 576 1257 635 Civitate
1299 584 1507 633 nostra
1557 571 1991 647 senogalliensi
2034 569 2264 631 celebres

368 635 642 714 Quium*
670 649 1142 728 Nundinae-per
1196 662 1336 710 octo
1385 651 1514 708 dies
1560 660 1705 708 ante
1764 653 2015 708 Festum
2070 652 2264 708 Sanctae

371 709 545 754 ‘¹⁰⁸¹‘
669 728 872 786 Mariae
928 726 1295 806 Magdalenae
1319 773 1335 799 ,
1390 738 1453 785 et
1492 737 1759 804 quatuor
1818 723 2263 802 subsequenteS,

666 825 891 880 magno
928 805 1248 865 hominum
1296 825 1595 864 concursu
1645 823 1712 861 ex
1758 803 2013 860 remotis
2062 810 2120 858 et
2156 799 2261 859 lon·

663 883 910 965 ginquis
961 887 1249 959 Europae,
1302 893 1488 958 atque
1541 881 1695 939 Asiae
1737 877 2022 953 partibus
2071 875 2263 948 adeas

669 958 1110 1018 confluentium
1128 960 1335 1035 peragi
1359 1003 1369 1025 ,
1403 966 1873 1018 consueverunt.
1910 959 2070 1013 Cum
2092 963 2263 1012 autem

668 1035 832 1094 intra
870 1033 1115 1094 illorum
1157 1037 1397 1094 dierum
1435 1035 1703 1110 spatium
1739 1033 1869 1090 dies
1904 1031 2045 1090 festi
2083 1031 2262 1099 unius,

669 1123 778 1171 aut
828 1110 1084 1172 alterius
1115 1113 1446 1171 Dominicae
1498 1111 1719 1168 mensis
1769 1108 1953 1183 Julii,
1999 1117 2059 1165 et
2097 1107 2265 1165 Sancti

669 1189 879 1248 Jacobi
917 1188 1234 1265 Apostoli,
1288 1199 1353 1246 et
1397 1193 1627 1246 Sanctae
1667 1189 1863 1246 Annae
1906 1183 2166 1242 incidere
2192 1203 2265 1240 so-

669 1263 871 1334 leant,
899 1285 1025 1323 non
1065 1267 1194 1324 sine
1227 1265 1417 1324 animi
1458 1263 1653 1323 nostri
1678 1261 1891 1322 dolore
1926 1262 2265 1336 accepimuS,

671 1341 834 1418 quod
857 1341 948 1400 his
973 1340 1188 1401 diebus
1209 1385 1227 1414 ‚
1263 1343 1328 1399 in
1358 1336 2041 1418 quibusChristifideles
2076 1339 2134 1394 in
2153 1356 2264 1410 ope·

671 1418 842 1476 ribus
864 1419 1142 1492 pietatis,
1185 1439 1257 1476 ac
1291 1416 1605 1492 religionis
1633 1437 1696 1475 se
1731 1436 2009 1474 exercere
2035 1412 2265 1483 debent,

671 1492 862 1570 aliqui
904 1495 1080 1568 pravi
1125 1493 1406 1552 homines
1428 1539 1445 1566 ,
1474 1496 1622 1565 Dei,
1651 1503 1711 1552 et
1736 1491 2071 1552 Catholicae
2100 1488 2266 1546 Eccle-

670 1571 771 1628 siae
819 1580 1264 1645 praeceptorum
1308 1573 1695 1628 immemores
1721 1613 1740 1640 ,
1778 1580 1838 1628 et
1882 1569 2051 1642 turpi
2094 1564 2267 1638 lucro,

671 1646 1022 1704 animarum
1042 1666 1295 1705 suarum
1326 1645 1523 1704 salute
1545 1645 1898 1720 posthabita
1917 1687 1930 1712 ,
1958 1643 2265 1718 inhiantes,

671 1741 783 1796 per
821 1723 1128 1797 integrum
1162 1722 1457 1782 festorum
1497 1721 1734 1780 dierum
1773 1732 2019 1796 tempus
2064 1721 2123 1776 in
2156 1737 2263 1792 ope·

672 1797 846 1858 tibus
884 1795 1209 1860 servilibus
1240 1839 1255 1866 ,
1284 1808 1347 1857 et
1404 1798 1782 1858 commerciis
1825 1794 2121 1857 obeundis
2144 1839 2158 1867 ‚
2186 1813 2265 1852 ne-

673 1874 972 1950 gotiisque
1000 1872 1445 1949 temporalibus
1471 1873 1810 1933 tractandis
1830 1917 1845 1944 ‚
1879 1893 2009 1930 non
2043 1872 2161 1938 sine
2184 1869 2266 1928 bo·

673 1971 897 2010 norum
939 1949 1270 2024 scandalo,
1303 1951 1429 2010 imo
1476 1950 1810 2022 Gentium,
1852 1959 1915 2008 et
1962 1946 2271 2006 Judaeorum

671 2026 1117 2098 admiratione,
1155 2028 1437 2103 occupati
1478 2035 1648 2086 sunt.
1795 2087 1803 2092 ,
2178 2084 2184 2090 ,

747 2102 801 2168 §-
842 2119 901 2158 2.
929 2105 1050 2162 Nos
1078 2105 1268 2178 igitur
1300 2123 1371 2162 ex
1400 2102 1721 2162 commisso
1756 2100 1945 2162 Nobis
1984 2096 2270 2160 Pastoralis

565 2249 590 2266 ,
671 2174 1102 2248 sollicitudinis
1127 2201 1383 2242 munere
1402 2225 1421 2254 ,
1446 2189 1573 2239 tam
1602 2181 1949 2255 pernicioso
1970 2175 2271 2248 abusui‚et

673 2255 844 2330 gravi
889 2253 1052 2315 malo
1095 2268 1515 2334 opportunum
1546 2255 1885 2316 remedium
1936 2253 2186 2326 afferre,
2224 2259 2272 2308 et

672 2329 1098 2390 detestandam
1143 2333 1303 2398 hanc
1340 2333 1866 2396 abominationem
1910 2351 1943 2390 e
1988 2331 2177 2390 medio
2200 2325 2269 2385 di·

671 2404 842 2466 lectae
877 2407 1064 2468 Nobis
1089 2411 1373 2470 Civitatis
1410 2415 1645 2470 Nostrae
1682 2408 1925 2468 auferre
1953 2407 2271 2482 cupientes;

671 2481 1090 2560 'volentesque
1115 2488 1299 2554 etiam
1323 2485 1751 2554 indemnitati,
1786 2495 1849 2544 et
1873 2481 2273 2560 perpetuitati,

671 2561 903 2637 furium
938 2573 1000 2620 et
1021 2562 1482 2638 privilegiorum
1505 2562 1775 2636 eiusdem
1816 2561 2127 2632 Civitatis,
2148 2563 2269 2635 ejus-

673 2657 831 2712 que,
893 2659 964 2696 ac
1016 2643 1204 2700 totius
1252 2636 1604 2714 temporalis
1651 2643 1857 2698 Status
1902 2629 2103 2696 nosti-i
2138 2654 2270 2694 com·

673 2713 890 2784 modo,
917 2724 1104 2792 atque
1136 2714 1435 2788 utilitati,
1462 2725 1763 2792 quantum
1795 2717 1857 2774 in
1888 2716 2147 2774 Domino
2166 2729 2271 2786 pos·

405 2805 529 2854 Dies
559 2805 651 2855 Fe.
675 2809 916 2862 summ,
950 2790 1269 2851 consulere
1290 2837 1307 2865 ,
1343 2813 1412 2850 ac
1436 2791 1801 2866 providere:
1835 2790 2007 2850 Motu
2023 2788 2272 2865 proprie,

372 2879 480 2922 atos
524 2879 649 2922 tem.
676 2886 748 2924 ex
785 2878 952 2925 certa
983 2870 1233 2928 scientia
1251 2913 1269 2941 ,
1296 2879 1358 2927 et
1383 2867 1768 2944 plenitudine
1807 2867 2157 2944 potestatis,
2186 2863 2275 2925 hac

372 2939 650 3015 pqreNun.
677 2946 898 3002 Nostra
939 2943 1003 3002 in
1043 2956 1411 3020 perpetuum
1457 2943 1724 3006 valitura
1751 2945 2071 3003 sanctione
2100 2940 2271 3006 decer·

374 3005 616 3086 ⁶¹¹¹³¹⁰J¹¹
676 3020 877 3078 nimus
913 3039 982 3078 ac
1003 3023 1466 3095 constituimuS,
1506 3033 1571 3081 et
1600 3019 1947 3097 Apostolica
1970 3029 2171 3081 nostra
2194 3035 2274 3075 au·

374 3087 578 3188 ’ῖὲᾞὶ
675 3097 964 3155 ctoritate
1012 3099 1377 3158 mandamus
1414 3120 1483 3157 ac
1540 3097 1861 3175 iubenum,
1924 3106 2000 3156 ut
2036 3107 2275 3168 tempore

373 3155 503 3256 fur-⁰
529 3158 604 3208 μ’
674 3172 1104 3232 Nundinarum
1126 3220 1142 3248 ,
1175 3197 1330 3252 quas
1369 3179 1431 3234 in
1459 3189 1774 3254 posterum
1815 3177 1878 3232 in
1922 3172 2167 3248 praefata
2190 3187 2273 3226 no·

672 3257 801 3337 stra
856 3251 1124 3311 civitate
1181 3253 1259 3312 de
1306 3272 1477 3313 more
1525 3251 1739 3313 haberi
1786 3248 2117 3321 volumus,
2163 3244 2273 3304 festi

672 3322 930 3414 dies-pie
974 3339 1339 3404 sancteque,
1395 3327 1653 3404 perinde
1710 3348 1780 3386 ac
1830 3325 2074 3401 reliquo
2117 3321 2275 3408 totius

672 3419 822 3460 anm
847 3422 1026 3463 cursu
1046 3451 1063 3479 ,
1103 3427 1136 3465 a
1159 3403 1709 3468 Christifidelibus
1729 3401 2059 3476 colantur,
2104 3395 2276 3460 Offici-

2373 3499 2375 3508 >

2373 3523 2374 3530 t
