<?xml version="1.0" encoding="UTF-8"?>
<!DOCTYPE html PUBLIC "-//W3C//DTD XHTML 1.0 Transitional//EN"
    "http://www.w3.org/TR/xhtml1/DTD/xhtml1-transitional.dtd">
<html xmlns="http://www.w3.org/1999/xhtml" xml:lang="en" lang="en">
 <head>
  <title>
</title>
<meta http-equiv="Content-Type" content="text/html;charset=utf-8" />
  <meta name='ocr-system' content='tesseract 3.04.00' />
  <meta name='ocr-capabilities' content='ocr_page ocr_carea ocr_par ocr_line ocrx_word'/>
</head>
<body>
  <div class='ocr_page' id='page_1' title='image "benedictipapaex02xivgoog_0297.png"; bbox 0 0 2434 3992; ppageno 0'>
   <div class='ocr_carea' id='block_1_1' title="bbox 740 108 1786 219">
    <p class='ocr_par' dir='ltr' id='par_1_1' title="bbox 740 108 1786 219">
     <span class='ocr_line' id='line_1_1' title="bbox 740 108 1786 219; baseline 0.006 -6"><span class='ocrx_word' id='word_1_1' title='bbox 740 144 1187 216; x_wconf 66' lang='lat' dir='ltr'><strong>Rammium</strong></span> <span class='ocrx_word' id='word_1_2' title='bbox 1377 108 1432 185; x_wconf 22' lang='lat'><strong>‘-</strong></span> <span class='ocrx_word' id='word_1_3' title='bbox 1574 132 1578 136; x_wconf 60' lang='grc'><strong>’</strong></span> <span class='ocrx_word' id='word_1_4' title='bbox 1664 146 1786 219; x_wconf 72' lang='lat'><strong>255</strong></span> 
     </span>
    </p>
   </div>
   <div class='ocr_carea' id='block_1_2' title="bbox 166 242 2109 484">
    <p class='ocr_par' dir='ltr' id='par_1_2' title="bbox 166 242 2109 484">
     <span class='ocr_line' id='line_1_2' title="bbox 166 242 2109 335; baseline 0.004 -22"><span class='ocrx_word' id='word_1_5' title='bbox 166 252 425 329; x_wconf 69' lang='lat' dir='ltr'><strong>debet-03</strong></span> <span class='ocrx_word' id='word_1_6' title='bbox 464 252 713 312; x_wconf 79' lang='lat' dir='ltr'><strong>irritum</strong></span> <span class='ocrx_word' id='word_1_7' title='bbox 766 274 1013 331; x_wconf 79' lang='lat' dir='ltr'><strong>quoque</strong></span> <span class='ocrx_word' id='word_1_8' title='bbox 1038 302 1054 329; x_wconf 86' lang='lat'>‚</span> <span class='ocrx_word' id='word_1_9' title='bbox 1108 268 1171 317; x_wconf 88' lang='lat' dir='ltr'><strong>et</strong></span> <span class='ocrx_word' id='word_1_10' title='bbox 1212 256 1396 315; x_wconf 76' lang='lat' dir='ltr'><strong>inane</strong></span> <span class='ocrx_word' id='word_1_11' title='bbox 1415 298 1432 327; x_wconf 93' lang='lat'>,</span> <span class='ocrx_word' id='word_1_12' title='bbox 1485 256 1785 335; x_wconf 75' lang='lat' dir='ltr'><strong>quidquid</strong></span> <span class='ocrx_word' id='word_1_13' title='bbox 1843 271 1888 321; x_wconf 88' lang='lat' dir='ltr'>A</span> <span class='ocrx_word' id='word_1_14' title='bbox 1911 288 1944 321; x_wconf 72' lang='grc' dir='ltr'><strong><em>κ</em></strong></span> <span class='ocrx_word' id='word_1_15' title='bbox 1967 288 1997 323; x_wconf 70' lang='grc' dir='ltr'><strong><em>κ</em></strong></span> <span class='ocrx_word' id='word_1_16' title='bbox 2020 286 2050 321; x_wconf 75' lang='lat' dir='ltr'>o</span> <span class='ocrx_word' id='word_1_17' title='bbox 2090 242 2109 266; x_wconf 55' lang='lat'><em>³</em></span> 
     </span>
     <span class='ocr_line' id='line_1_3' title="bbox 166 330 2027 423; baseline 0 -33"><span class='ocrx_word' id='word_1_18' title='bbox 166 350 332 422; x_wconf 73' lang='lat' dir='ltr'><strong>secus</strong></span> <span class='ocrx_word' id='word_1_19' title='bbox 367 348 553 405; x_wconf 83' lang='lat' dir='ltr'><strong>super</strong></span> <span class='ocrx_word' id='word_1_20' title='bbox 593 330 907 404; x_wconf 83' lang='lat' dir='ltr'><strong>omnibus,</strong></span> <span class='ocrx_word' id='word_1_21' title='bbox 940 344 1003 392; x_wconf 84' lang='lat' dir='ltr'><strong>et</strong></span> <span class='ocrx_word' id='word_1_22' title='bbox 1027 332 1280 423; x_wconf 78' lang='lat' dir='ltr'><strong>singulis</strong></span> <span class='ocrx_word' id='word_1_23' title='bbox 1304 336 1623 410; x_wconf 74' lang='lat' dir='ltr'><strong>praemissis</strong></span> <span class='ocrx_word' id='word_1_24' title='bbox 1643 380 1660 407; x_wconf 90' lang='lat'><strong>‚</strong></span> <span class='ocrx_word' id='word_1_25' title='bbox 1687 333 1786 396; x_wconf 89' lang='lat' dir='ltr'><strong>vel</strong></span> <span class='ocrx_word' id='word_1_26' title='bbox 1884 336 2027 406; x_wconf 72' lang='lat'><strong><em>1744.</em></strong></span> 
     </span>
     <span class='ocr_line' id='line_1_4' title="bbox 167 412 1901 484; baseline 0.002 -18"><span class='ocrx_word' id='word_1_27' title='bbox 167 428 319 467; x_wconf 78' lang='lat' dir='ltr'><strong>cirea</strong></span> <span class='ocrx_word' id='word_1_28' title='bbox 334 425 405 465; x_wconf 80' lang='lat' dir='ltr'><strong>ea</strong></span> <span class='ocrx_word' id='word_1_29' title='bbox 420 450 439 479; x_wconf 86' lang='lat'><strong>,</strong></span> <span class='ocrx_word' id='word_1_30' title='bbox 458 428 495 465; x_wconf 83' lang='lat' dir='ltr'><strong>a</strong></span> <span class='ocrx_word' id='word_1_31' title='bbox 507 418 821 483; x_wconf 77' lang='lat' dir='ltr'><strong>quoquam</strong></span> <span class='ocrx_word' id='word_1_32' title='bbox 838 432 861 475; x_wconf 91' lang='lat'><strong>‚·</strong></span> <span class='ocrx_word' id='word_1_33' title='bbox 876 427 1091 483; x_wconf 77' lang='lat' dir='ltr'><strong>quavis</strong></span> <span class='ocrx_word' id='word_1_34' title='bbox 1108 412 1497 484; x_wconf 65' lang='lat' dir='ltr'><strong>auctoritate,⁷</strong></span> <span class='ocrx_word' id='word_1_35' title='bbox 1519 414 1788 472; x_wconf 83' lang='lat' dir='ltr'><strong>scienter</strong></span> <span class='ocrx_word' id='word_1_36' title='bbox 1894 429 1901 438; x_wconf 90' lang='lat'><strong>·</strong></span> 
     </span>
    </p>
   </div>
   <div class='ocr_carea' id='block_1_3' title="bbox 168 482 1362 559">
    <p class='ocr_par' dir='ltr' id='par_1_3' title="bbox 168 482 1362 559">
     <span class='ocr_line' id='line_1_5' title="bbox 168 482 1362 559; baseline 0.002 -15"><span class='ocrx_word' id='word_1_37' title='bbox 168 482 257 544; x_wconf 83' lang='lat' dir='ltr'><strong>vel</strong></span> <span class='ocrx_word' id='word_1_38' title='bbox 288 484 647 559; x_wconf 73' lang='lat' dir='ltr'><strong>ignoranter</strong></span> <span class='ocrx_word' id='word_1_39' title='bbox 682 486 1009 559; x_wconf 85' lang='lat' dir='ltr'><strong>contigerit</strong></span> <span class='ocrx_word' id='word_1_40' title='bbox 1046 489 1362 546; x_wconf 76' lang='lat' dir='ltr'><strong>attentari.</strong></span> 
     </span>
    </p>
   </div>
   <div class='ocr_carea' id='block_1_4' title="bbox 170 555 2084 726">
    <p class='ocr_par' dir='ltr' id='par_1_4' title="bbox 170 555 2084 726">
     <span class='ocr_line' id='line_1_6' title="bbox 233 555 2084 639; baseline -0.008 -20"><span class='ocrx_word' id='word_1_41' title='bbox 233 558 287 637; x_wconf 70' lang='lat' dir='ltr'><strong>S.</strong></span> <span class='ocrx_word' id='word_1_42' title='bbox 334 555 437 634; x_wconf 92' lang='lat'><strong>44.</strong></span> <span class='ocrx_word' id='word_1_43' title='bbox 482 562 616 619; x_wconf 80' lang='lat' dir='ltr'><strong>Non</strong></span> <span class='ocrx_word' id='word_1_44' title='bbox 644 560 1035 620; x_wconf 79' lang='lat' dir='ltr'><strong>obstantibus</strong></span> <span class='ocrx_word' id='word_1_45' title='bbox 1062 606 1077 632; x_wconf 91' lang='lat'>‚</span> <span class='ocrx_word' id='word_1_46' title='bbox 1126 574 1428 637; x_wconf 81' lang='lat' dir='ltr'><strong>quatenus</strong></span> <span class='ocrx_word' id='word_1_47' title='bbox 1473 582 1628 639; x_wconf 85' lang='lat' dir='ltr'><strong>opus</strong></span> <span class='ocrx_word' id='word_1_48' title='bbox 1669 564 1784 637; x_wconf 57' lang='grc' dir='ltr'><strong>δὴ,</strong></span> <span class='ocrx_word' id='word_1_49' title='bbox 1837 559 2084 637; x_wconf 46' lang='grc' dir='ltr'><strong>,Βεὶοςιμ</strong></span> 
     </span>
     <span class='ocr_line' id='line_1_7' title="bbox 170 631 1995 726; baseline -0.002 -30"><span class='ocrx_word' id='word_1_50' title='bbox 170 640 417 726; x_wconf 61' lang='lat' dir='ltr'><strong>lliostra,</strong></span> <span class='ocrx_word' id='word_1_51' title='bbox 470 646 535 695; x_wconf 81' lang='lat' dir='ltr'><strong>et</strong></span> <span class='ocrx_word' id='word_1_52' title='bbox 586 635 978 695; x_wconf 66' lang='lat' dir='ltr'><strong>cancel-laria</strong></span> <span class='ocrx_word' id='word_1_53' title='bbox 1032 638 1396 713; x_wconf 74' lang='lat' dir='ltr'><strong>Apostolicae</strong></span> <span class='ocrx_word' id='word_1_54' title='bbox 1452 638 1657 714; x_wconf 75' lang='lat' dir='ltr'><strong>regula</strong></span> <span class='ocrx_word' id='word_1_55' title='bbox 1712 639 1786 695; x_wconf 84' lang='lat' dir='ltr'><strong>de</strong></span> <span class='ocrx_word' id='word_1_56' title='bbox 1807 631 1995 679; x_wconf 54' lang='lat' dir='ltr'><strong>‘¹⁰¹³‘ss-</strong></span> 
     </span>
    </p>
   </div>
   <div class='ocr_carea' id='block_1_5' title="bbox 158 712 1793 3070">
    <p class='ocr_par' dir='ltr' id='par_1_5' title="bbox 158 712 1793 3070">
     <span class='ocr_line' id='line_1_8' title="bbox 158 712 1784 803; baseline 0.002 -32"><span class='ocrx_word' id='word_1_57' title='bbox 158 729 279 785; x_wconf 71' lang='lat' dir='ltr'><strong>Jm</strong></span> <span class='ocrx_word' id='word_1_58' title='bbox 306 712 555 803; x_wconf 58' lang='lat' dir='ltr'><strong>qum-sito</strong></span> <span class='ocrx_word' id='word_1_59' title='bbox 590 731 710 767; x_wconf 80' lang='lat' dir='ltr'><strong>non</strong></span> <span class='ocrx_word' id='word_1_60' title='bbox 741 713 993 768; x_wconf 72' lang='lat' dir='ltr'><strong>tollendo</strong></span> <span class='ocrx_word' id='word_1_61' title='bbox 1022 752 1039 781; x_wconf 92' lang='lat'><strong><em>,</em></strong></span> <span class='ocrx_word' id='word_1_62' title='bbox 1074 733 1316 774; x_wconf 83' lang='lat' dir='ltr'>necnon</span> <span class='ocrx_word' id='word_1_63' title='bbox 1357 715 1595 773; x_wconf 80' lang='lat' dir='ltr'><strong>duabus</strong></span> <span class='ocrx_word' id='word_1_64' title='bbox 1633 732 1784 791; x_wconf 55' lang='lat' dir='ltr'><strong>praes·</strong></span> 
     </span>
     <span class='ocr_line' id='line_1_9' title="bbox 171 786 1792 863; baseline 0.004 -18"><span class='ocrx_word' id='word_1_65' title='bbox 171 789 351 847; x_wconf 77' lang='lat' dir='ltr'><strong>missis</strong></span> <span class='ocrx_word' id='word_1_66' title='bbox 386 786 581 847; x_wconf 63' lang='lat' dir='ltr'><strong>&amp;Pii</strong></span> <span class='ocrx_word' id='word_1_67' title='bbox 620 793 793 863; x_wconf 74' lang='lat' dir='ltr'>Papae</span> <span class='ocrx_word' id='word_1_68' title='bbox 832 792 911 848; x_wconf 84' lang='lat' dir='ltr'><strong>V.</strong></span> <span class='ocrx_word' id='word_1_69' title='bbox 952 788 1408 849; x_wconf 78' lang='lat' dir='ltr'><strong>Praedecessoris</strong></span> <span class='ocrx_word' id='word_1_70' title='bbox 1448 793 1685 863; x_wconf 84' lang='lat' dir='ltr'><strong>Nostri,</strong></span> <span class='ocrx_word' id='word_1_71' title='bbox 1727 802 1792 851; x_wconf 85' lang='lat' dir='ltr'><strong>et</strong></span> 
     </span>
     <span class='ocr_line' id='line_1_10' title="bbox 169 861 1788 941; baseline 0.002 -19"><span class='ocrx_word' id='word_1_72' title='bbox 169 861 290 923; x_wconf 81' lang='lat' dir='ltr'><strong>aliis</strong></span> <span class='ocrx_word' id='word_1_73' title='bbox 330 863 825 941; x_wconf 84' lang='lat' dir='ltr'><strong>quibuscumque</strong></span> <span class='ocrx_word' id='word_1_74' title='bbox 859 867 1460 938; x_wconf 65' lang='lat' dir='ltr'><strong>ConstitutionibuS‚</strong></span> <span class='ocrx_word' id='word_1_75' title='bbox 1502 876 1564 924; x_wconf 90' lang='lat' dir='ltr'><strong>et</strong></span> <span class='ocrx_word' id='word_1_76' title='bbox 1607 866 1788 925; x_wconf 84' lang='lat' dir='ltr'><strong>Ordi-</strong></span> 
     </span>
     <span class='ocr_line' id='line_1_11' title="bbox 171 938 1792 1016; baseline 0.002 -17"><span class='ocrx_word' id='word_1_77' title='bbox 171 940 513 1000; x_wconf 75' lang='lat' dir='ltr'><strong>nationibus</strong></span> <span class='ocrx_word' id='word_1_78' title='bbox 554 938 954 1016; x_wconf 85' lang='lat' dir='ltr'><strong>Apostolicis,</strong></span> <span class='ocrx_word' id='word_1_79' title='bbox 1002 952 1065 1000; x_wconf 90' lang='lat' dir='ltr'><strong>et</strong></span> <span class='ocrx_word' id='word_1_80' title='bbox 1101 942 1282 1001; x_wconf 80' lang='lat' dir='ltr'><strong>dictae</strong></span> <span class='ocrx_word' id='word_1_81' title='bbox 1323 944 1792 1002; x_wconf 80' lang='lat' dir='ltr'><strong>Poenitentiariae</strong></span> 
     </span>
     <span class='ocr_line' id='line_1_12' title="bbox 174 1016 1790 1094; baseline 0.001 -19"><span class='ocrx_word' id='word_1_82' title='bbox 174 1019 341 1076; x_wconf 78' lang='lat' dir='ltr'><strong>etiam</strong></span> <span class='ocrx_word' id='word_1_83' title='bbox 404 1016 801 1094; x_wconf 72' lang='lat' dir='ltr'><strong>juramento,</strong></span> <span class='ocrx_word' id='word_1_84' title='bbox 853 1017 1328 1079; x_wconf 80' lang='lat' dir='ltr'><strong>confirmatione</strong></span> <span class='ocrx_word' id='word_1_85' title='bbox 1387 1016 1740 1093; x_wconf 82' lang='lat' dir='ltr'><strong>Apostolica</strong></span> <span class='ocrx_word' id='word_1_86' title='bbox 1767 1060 1790 1088; x_wconf 93' lang='lat'><em>,</em></span> 
     </span>
     <span class='ocr_line' id='line_1_13' title="bbox 172 1091 1793 1169; baseline 0.002 -17"><span class='ocrx_word' id='word_1_87' title='bbox 172 1091 255 1152; x_wconf 87' lang='lat' dir='ltr'><strong>vel</strong></span> <span class='ocrx_word' id='word_1_88' title='bbox 297 1096 516 1169; x_wconf 81' lang='lat' dir='ltr'><strong>quavis</strong></span> <span class='ocrx_word' id='word_1_89' title='bbox 551 1092 670 1151; x_wconf 78' lang='lat' dir='ltr'><strong>alia</strong></span> <span class='ocrx_word' id='word_1_90' title='bbox 717 1092 1012 1152; x_wconf 82' lang='lat' dir='ltr'><strong>firmitate</strong></span> <span class='ocrx_word' id='word_1_91' title='bbox 1060 1095 1364 1154; x_wconf 78' lang='lat' dir='ltr'><strong>roboratis</strong></span> <span class='ocrx_word' id='word_1_92' title='bbox 1403 1096 1648 1154; x_wconf 84' lang='lat' dir='ltr'><strong>statutis</strong></span> <span class='ocrx_word' id='word_1_93' title='bbox 1674 1140 1691 1168; x_wconf 89' lang='lat'>,</span> <span class='ocrx_word' id='word_1_94' title='bbox 1730 1107 1793 1155; x_wconf 87' lang='lat' dir='ltr'><strong>et</strong></span> 
     </span>
     <span class='ocr_line' id='line_1_14' title="bbox 172 1168 1790 1247; baseline 0.004 -20"><span class='ocrx_word' id='word_1_95' title='bbox 172 1170 613 1230; x_wconf 83' lang='lat' dir='ltr'><strong>consuetudinis</strong></span> <span class='ocrx_word' id='word_1_96' title='bbox 640 1168 1127 1247; x_wconf 84' lang='lat' dir='ltr'><strong>quibuscumque</strong></span> <span class='ocrx_word' id='word_1_97' title='bbox 1147 1216 1159 1237; x_wconf 95' lang='lat'><strong>‚</strong></span> <span class='ocrx_word' id='word_1_98' title='bbox 1195 1192 1267 1230; x_wconf 80' lang='lat' dir='ltr'><strong>ac</strong></span> <span class='ocrx_word' id='word_1_99' title='bbox 1285 1171 1605 1247; x_wconf 83' lang='lat' dir='ltr'><strong>quibusvis</strong></span> <span class='ocrx_word' id='word_1_100' title='bbox 1633 1174 1790 1233; x_wconf 80' lang='lat' dir='ltr'><strong>vivae</strong></span> 
     </span>
     <span class='ocr_line' id='line_1_15' title="bbox 174 1244 1790 1322; baseline 0.002 -17"><span class='ocrx_word' id='word_1_101' title='bbox 174 1248 321 1305; x_wconf 83' lang='lat' dir='ltr'><strong>vocis</strong></span> <span class='ocrx_word' id='word_1_102' title='bbox 364 1244 634 1305; x_wconf 80' lang='lat' dir='ltr'><strong>oraculis</strong></span> <span class='ocrx_word' id='word_1_103' title='bbox 662 1292 678 1320; x_wconf 92' lang='lat'>,</span> <span class='ocrx_word' id='word_1_104' title='bbox 720 1246 1093 1322; x_wconf 70' lang='lat' dir='ltr'><strong>privilegiis»,</strong></span> <span class='ocrx_word' id='word_1_105' title='bbox 1128 1247 1418 1318; x_wconf 84' lang='lat' dir='ltr'><strong>indultis,</strong></span> <span class='ocrx_word' id='word_1_106' title='bbox 1464 1258 1528 1307; x_wconf 92' lang='lat' dir='ltr'><strong>et</strong></span> <span class='ocrx_word' id='word_1_107' title='bbox 1576 1249 1790 1309; x_wconf 79' lang='lat' dir='ltr'><strong>Literis</strong></span> 
     </span>
     <span class='ocr_line' id='line_1_16' title="bbox 174 1320 1787 1400; baseline 0.002 -19"><span class='ocrx_word' id='word_1_108' title='bbox 174 1321 519 1397; x_wconf 83' lang='lat' dir='ltr'><strong>Apostolicis</strong></span> <span class='ocrx_word' id='word_1_109' title='bbox 534 1320 804 1400; x_wconf 78' lang='lat' dir='ltr'><strong>ejusdem</strong></span> <span class='ocrx_word' id='word_1_110' title='bbox 824 1326 1293 1383; x_wconf 82' lang='lat' dir='ltr'><strong>Poenitentiariae</strong></span> <span class='ocrx_word' id='word_1_111' title='bbox 1320 1322 1536 1383; x_wconf 88' lang='lat' dir='ltr'><strong>Officio</strong></span> <span class='ocrx_word' id='word_1_112' title='bbox 1553 1368 1570 1395; x_wconf 91' lang='lat'>,</span> <span class='ocrx_word' id='word_1_113' title='bbox 1598 1322 1787 1385; x_wconf 85' lang='lat' dir='ltr'><strong>illius-</strong></span> 
     </span>
     <span class='ocr_line' id='line_1_17' title="bbox 176 1398 1790 1477; baseline 0.003 -22"><span class='ocrx_word' id='word_1_114' title='bbox 176 1418 276 1473; x_wconf 82' lang='lat' dir='ltr'><strong>que</strong></span> <span class='ocrx_word' id='word_1_115' title='bbox 312 1401 530 1477; x_wconf 70' lang='lat' dir='ltr'><strong>Maiori</strong></span> <span class='ocrx_word' id='word_1_116' title='bbox 582 1400 1041 1458; x_wconf 81' lang='lat' dir='ltr'><strong>Poenitentiario</strong></span> <span class='ocrx_word' id='word_1_117' title='bbox 1067 1442 1080 1467; x_wconf 93' lang='lat'>‚</span> <span class='ocrx_word' id='word_1_118' title='bbox 1129 1420 1201 1461; x_wconf 76' lang='lat' dir='ltr'><strong>ac</strong></span> <span class='ocrx_word' id='word_1_119' title='bbox 1245 1398 1622 1458; x_wconf 86' lang='lat' dir='ltr'><strong>Officialibus</strong></span> <span class='ocrx_word' id='word_1_120' title='bbox 1658 1440 1675 1470; x_wconf 89' lang='lat'><strong><em>,</em></strong></span> <span class='ocrx_word' id='word_1_121' title='bbox 1727 1410 1790 1460; x_wconf 87' lang='lat' dir='ltr'><strong>et</strong></span> 
     </span>
     <span class='ocr_line' id='line_1_18' title="bbox 178 1472 1788 1551; baseline 0.002 -20"><span class='ocrx_word' id='word_1_122' title='bbox 178 1474 447 1534; x_wconf 80' lang='lat' dir='ltr'><strong>Ministris</strong></span> <span class='ocrx_word' id='word_1_123' title='bbox 472 1521 489 1549; x_wconf 90' lang='lat'>,</span> <span class='ocrx_word' id='word_1_124' title='bbox 534 1484 596 1533; x_wconf 86' lang='lat' dir='ltr'><strong>et</strong></span> <span class='ocrx_word' id='word_1_125' title='bbox 624 1474 939 1551; x_wconf 83' lang='lat' dir='ltr'><strong>quibusvis</strong></span> <span class='ocrx_word' id='word_1_126' title='bbox 984 1472 1117 1534; x_wconf 83' lang='lat' dir='ltr'><strong>aliis</strong></span> <span class='ocrx_word' id='word_1_127' title='bbox 1144 1476 1261 1535; x_wconf 85' lang='lat' dir='ltr'><strong>sub</strong></span> <span class='ocrx_word' id='word_1_128' title='bbox 1300 1476 1788 1551; x_wconf 83' lang='lat' dir='ltr'><strong>quibuscumque</strong></span> 
     </span>
     <span class='ocr_line' id='line_1_19' title="bbox 178 1551 1788 1627; baseline 0.004 -22"><span class='ocrx_word' id='word_1_129' title='bbox 178 1551 511 1623; x_wconf 67' lang='lat' dir='ltr'><strong>tenni-ihm,</strong></span> <span class='ocrx_word' id='word_1_130' title='bbox 557 1561 618 1609; x_wconf 85' lang='lat' dir='ltr'><strong>et</strong></span> <span class='ocrx_word' id='word_1_131' title='bbox 654 1551 865 1612; x_wconf 77' lang='lat' dir='ltr'><strong>formis</strong></span> <span class='ocrx_word' id='word_1_132' title='bbox 891 1596 907 1623; x_wconf 87' lang='lat'>‚</span> <span class='ocrx_word' id='word_1_133' title='bbox 950 1572 1022 1609; x_wconf 79' lang='lat' dir='ltr'><strong>ac</strong></span> <span class='ocrx_word' id='word_1_134' title='bbox 1066 1572 1205 1614; x_wconf 86' lang='lat' dir='ltr'><strong>cum</strong></span> <span class='ocrx_word' id='word_1_135' title='bbox 1245 1552 1563 1627; x_wconf 84' lang='lat' dir='ltr'><strong>quibusvis</strong></span> <span class='ocrx_word' id='word_1_136' title='bbox 1600 1556 1788 1611; x_wconf 85' lang='lat' dir='ltr'><strong>etiam</strong></span> 
     </span>
     <span class='ocr_line' id='line_1_20' title="bbox 176 1624 1783 1704; baseline 0.002 -21"><span class='ocrx_word' id='word_1_137' title='bbox 176 1624 690 1704; x_wconf 63' lang='lat' dir='ltr'><strong>derogatos-iarum</strong></span> <span class='ocrx_word' id='word_1_138' title='bbox 725 1626 1156 1701; x_wconf 85' lang='lat' dir='ltr'><strong>derogatoriis‚</strong></span> <span class='ocrx_word' id='word_1_139' title='bbox 1197 1626 1452 1703; x_wconf 86' lang='lat' dir='ltr'><strong>aliisque</strong></span> <span class='ocrx_word' id='word_1_140' title='bbox 1491 1626 1783 1687; x_wconf 82' lang='lat' dir='ltr'><strong>efficacio-</strong></span> 
     </span>
     <span class='ocr_line' id='line_1_21' title="bbox 180 1700 1785 1779; baseline 0.001 -18"><span class='ocrx_word' id='word_1_141' title='bbox 180 1701 325 1763; x_wconf 83' lang='lat' dir='ltr'><strong>ribus</strong></span> <span class='ocrx_word' id='word_1_142' title='bbox 348 1749 367 1779; x_wconf 86' lang='lat'>,</span> <span class='ocrx_word' id='word_1_143' title='bbox 404 1715 469 1763; x_wconf 79' lang='lat' dir='ltr'><strong>et</strong></span> <span class='ocrx_word' id='word_1_144' title='bbox 504 1702 765 1763; x_wconf 76' lang='lat' dir='ltr'><strong>insolitis</strong></span> <span class='ocrx_word' id='word_1_145' title='bbox 805 1700 1091 1761; x_wconf 80' lang='lat' dir='ltr'><strong>clausulis</strong></span> <span class='ocrx_word' id='word_1_146' title='bbox 1121 1747 1137 1774; x_wconf 88' lang='lat'><strong>,</strong></span> <span class='ocrx_word' id='word_1_147' title='bbox 1172 1713 1237 1760; x_wconf 88' lang='lat' dir='ltr'><strong>et</strong></span> <span class='ocrx_word' id='word_1_148' title='bbox 1277 1703 1538 1761; x_wconf 74' lang='lat' dir='ltr'><strong>dem-etis</strong></span> <span class='ocrx_word' id='word_1_149' title='bbox 1579 1707 1644 1760; x_wconf 87' lang='lat' dir='ltr'><strong>in</strong></span> <span class='ocrx_word' id='word_1_150' title='bbox 1690 1724 1785 1779; x_wconf 79' lang='lat' dir='ltr'><strong>ge-</strong></span> 
     </span>
     <span class='ocr_line' id='line_1_22' title="bbox 182 1778 1792 1853; baseline 0.001 -18"><span class='ocrx_word' id='word_1_151' title='bbox 182 1797 338 1849; x_wconf 83' lang='lat' dir='ltr'><strong>nere,</strong></span> <span class='ocrx_word' id='word_1_152' title='bbox 393 1778 492 1842; x_wconf 83' lang='lat' dir='ltr'><strong>vel</strong></span> <span class='ocrx_word' id='word_1_153' title='bbox 549 1781 612 1837; x_wconf 87' lang='lat' dir='ltr'><strong>in</strong></span> <span class='ocrx_word' id='word_1_154' title='bbox 652 1780 886 1853; x_wconf 83' lang='lat' dir='ltr'><strong>specie,</strong></span> <span class='ocrx_word' id='word_1_155' title='bbox 938 1779 1123 1835; x_wconf 83' lang='lat' dir='ltr'><strong>etiam</strong></span> <span class='ocrx_word' id='word_1_156' title='bbox 1176 1783 1346 1836; x_wconf 87' lang='lat' dir='ltr'><strong>Motu</strong></span> <span class='ocrx_word' id='word_1_157' title='bbox 1397 1780 1685 1853; x_wconf 83' lang='lat' dir='ltr'><strong>proprio,</strong></span> <span class='ocrx_word' id='word_1_158' title='bbox 1727 1791 1792 1838; x_wconf 86' lang='lat' dir='ltr'><strong>et</strong></span> 
     </span>
     <span class='ocr_line' id='line_1_23' title="bbox 180 1850 1790 1931; baseline 0.002 -20"><span class='ocrx_word' id='word_1_159' title='bbox 180 1850 311 1914; x_wconf 49' lang='lat' dir='ltr'><strong>alies</strong></span> <span class='ocrx_word' id='word_1_160' title='bbox 350 1852 818 1931; x_wconf 80' lang='lat' dir='ltr'><strong>quomodolibet</strong></span> <span class='ocrx_word' id='word_1_161' title='bbox 859 1874 973 1930; x_wconf 83' lang='lat' dir='ltr'><strong>per</strong></span> <span class='ocrx_word' id='word_1_162' title='bbox 1019 1851 1492 1913; x_wconf 77' lang='lat' dir='ltr'><strong>Praedeoessores</strong></span> <span class='ocrx_word' id='word_1_163' title='bbox 1539 1858 1790 1914; x_wconf 74' lang='lat' dir='ltr'><strong>Nostros</strong></span> 
     </span>
     <span class='ocr_line' id='line_1_24' title="bbox 180 1930 1790 2006; baseline 0.001 -17"><span class='ocrx_word' id='word_1_164' title='bbox 180 1932 461 1991; x_wconf 79' lang='lat' dir='ltr'><strong>Romanos</strong></span> <span class='ocrx_word' id='word_1_165' title='bbox 504 1930 822 1990; x_wconf 84' lang='lat' dir='ltr'><strong>Pontifices</strong></span> <span class='ocrx_word' id='word_1_166' title='bbox 852 1976 867 2003; x_wconf 87' lang='lat'><strong>‚</strong></span> <span class='ocrx_word' id='word_1_167' title='bbox 916 1949 987 1987; x_wconf 81' lang='lat' dir='ltr'><strong>ac</strong></span> <span class='ocrx_word' id='word_1_168' title='bbox 1043 1932 1226 1989; x_wconf 78' lang='lat' dir='ltr'><strong>etiam</strong></span> <span class='ocrx_word' id='word_1_169' title='bbox 1279 1950 1391 2006; x_wconf 86' lang='lat' dir='ltr'><strong>per</strong></span> <span class='ocrx_word' id='word_1_170' title='bbox 1455 1933 1575 1990; x_wconf 86' lang='lat' dir='ltr'><strong>Nos</strong></span> <span class='ocrx_word' id='word_1_171' title='bbox 1629 1934 1790 2005; x_wconf 86' lang='lat' dir='ltr'><strong>ipsos</strong></span> 
     </span>
     <span class='ocr_line' id='line_1_25' title="bbox 180 2005 1785 2081; baseline 0.001 -19"><span class='ocrx_word' id='word_1_172' title='bbox 180 2010 449 2069; x_wconf 81' lang='lat' dir='ltr'><strong>concessis</strong></span> <span class='ocrx_word' id='word_1_173' title='bbox 469 2051 486 2079; x_wconf 87' lang='lat'>‚</span> <span class='ocrx_word' id='word_1_174' title='bbox 515 2008 829 2065; x_wconf 83' lang='lat' dir='ltr'><strong>innovatis</strong></span> <span class='ocrx_word' id='word_1_175' title='bbox 850 2050 865 2077; x_wconf 91' lang='lat'>‚</span> <span class='ocrx_word' id='word_1_176' title='bbox 885 2005 1285 2077; x_wconf 77' lang='lat' dir='ltr'><strong>confirmatiS‚</strong></span> <span class='ocrx_word' id='word_1_177' title='bbox 1317 2018 1380 2065; x_wconf 86' lang='lat' dir='ltr'><strong>et</strong></span> <span class='ocrx_word' id='word_1_178' title='bbox 1406 2005 1785 2081; x_wconf 79' lang='lat' dir='ltr'><strong>approbatis.</strong></span> 
     </span>
     <span class='ocr_line' id='line_1_26' title="bbox 180 2081 1782 2158; baseline -0.001 -15"><span class='ocrx_word' id='word_1_179' title='bbox 180 2084 387 2155; x_wconf 84' lang='lat' dir='ltr'><strong>Quibus</strong></span> <span class='ocrx_word' id='word_1_180' title='bbox 428 2082 748 2155; x_wconf 80' lang='lat' dir='ltr'><strong>omnibus,</strong></span> <span class='ocrx_word' id='word_1_181' title='bbox 788 2092 851 2141; x_wconf 91' lang='lat' dir='ltr'><strong>et</strong></span> <span class='ocrx_word' id='word_1_182' title='bbox 874 2084 963 2141; x_wconf 90' lang='lat' dir='ltr'><strong>sin</strong></span> <span class='ocrx_word' id='word_1_183' title='bbox 1010 2081 1125 2141; x_wconf 88' lang='lat' dir='ltr'><strong>ulis</strong></span> <span class='ocrx_word' id='word_1_184' title='bbox 1147 2124 1161 2151; x_wconf 92' lang='lat'><strong><em>,</em></strong></span> <span class='ocrx_word' id='word_1_185' title='bbox 1200 2085 1436 2142; x_wconf 78' lang='lat' dir='ltr'><strong>etiamsi</strong></span> <span class='ocrx_word' id='word_1_186' title='bbox 1471 2102 1586 2158; x_wconf 86' lang='lat' dir='ltr'><strong>pro</strong></span> <span class='ocrx_word' id='word_1_187' title='bbox 1621 2082 1782 2144; x_wconf 89' lang='lat' dir='ltr'><strong>suffi-</strong></span> 
     </span>
     <span class='ocr_line' id='line_1_27' title="bbox 180 2156 1783 2235; baseline 0.004 -22"><span class='ocrx_word' id='word_1_188' title='bbox 180 2160 339 2219; x_wconf 87' lang='lat' dir='ltr'><strong>cienti</strong></span> <span class='ocrx_word' id='word_1_189' title='bbox 372 2159 769 2235; x_wconf 81' lang='lat' dir='ltr'><strong>derogatione</strong></span> <span class='ocrx_word' id='word_1_190' title='bbox 810 2156 886 2217; x_wconf 90' lang='lat' dir='ltr'><strong>de</strong></span> <span class='ocrx_word' id='word_1_191' title='bbox 928 2158 969 2215; x_wconf 90' lang='lat' dir='ltr'><strong>il</strong></span> <span class='ocrx_word' id='word_1_192' title='bbox 1000 2162 1077 2225; x_wconf 88' lang='lat' dir='ltr'><strong>is,</strong></span> <span class='ocrx_word' id='word_1_193' title='bbox 1124 2178 1463 2233; x_wconf 86' lang='lat' dir='ltr'><strong>eorumque</strong></span> <span class='ocrx_word' id='word_1_194' title='bbox 1510 2160 1654 2218; x_wconf 91' lang='lat' dir='ltr'><strong>totis</strong></span> <span class='ocrx_word' id='word_1_195' title='bbox 1697 2169 1783 2219; x_wconf 87' lang='lat' dir='ltr'><strong>te-</strong></span> 
     </span>
     <span class='ocr_line' id='line_1_28' title="bbox 186 2234 1785 2311; baseline 0.001 -20"><span class='ocrx_word' id='word_1_196' title='bbox 186 2236 411 2297; x_wconf 83' lang='lat' dir='ltr'><strong>noribus</strong></span> <span class='ocrx_word' id='word_1_197' title='bbox 461 2234 768 2311; x_wconf 80' lang='lat' dir='ltr'><strong>specialis,</strong></span> <span class='ocrx_word' id='word_1_198' title='bbox 812 2234 1125 2309; x_wconf 81' lang='lat' dir='ltr'><strong>specifica,</strong></span> <span class='ocrx_word' id='word_1_199' title='bbox 1178 2234 1535 2306; x_wconf 82' lang='lat' dir='ltr'><strong>individua,</strong></span> <span class='ocrx_word' id='word_1_200' title='bbox 1589 2245 1652 2293; x_wconf 89' lang='lat' dir='ltr'><strong>et</strong></span> <span class='ocrx_word' id='word_1_201' title='bbox 1689 2255 1785 2293; x_wconf 77' lang='lat' dir='ltr'><strong>ex-</strong></span> 
     </span>
     <span class='ocr_line' id='line_1_29' title="bbox 182 2307 1788 2385; baseline 0.002 -18"><span class='ocrx_word' id='word_1_202' title='bbox 182 2327 398 2385; x_wconf 77' lang='lat' dir='ltr'><strong>pressa,</strong></span> <span class='ocrx_word' id='word_1_203' title='bbox 444 2332 515 2370; x_wconf 85' lang='lat' dir='ltr'><strong>ac</strong></span> <span class='ocrx_word' id='word_1_204' title='bbox 564 2313 641 2370; x_wconf 91' lang='lat' dir='ltr'><strong>de</strong></span> <span class='ocrx_word' id='word_1_205' title='bbox 683 2309 877 2369; x_wconf 84' lang='lat' dir='ltr'><strong>verbo</strong></span> <span class='ocrx_word' id='word_1_206' title='bbox 919 2309 997 2368; x_wconf 80' lang='lat' dir='ltr'><strong>ad</strong></span> <span class='ocrx_word' id='word_1_207' title='bbox 1046 2307 1352 2379; x_wconf 86' lang='lat' dir='ltr'><strong>verbum,</strong></span> <span class='ocrx_word' id='word_1_208' title='bbox 1401 2331 1526 2369; x_wconf 89' lang='lat' dir='ltr'><strong>non</strong></span> <span class='ocrx_word' id='word_1_209' title='bbox 1579 2320 1788 2370; x_wconf 86' lang='lat' dir='ltr'><strong>autem</strong></span> 
     </span>
     <span class='ocr_line' id='line_1_30' title="bbox 184 2383 1788 2461; baseline -0.002 -14"><span class='ocrx_word' id='word_1_210' title='bbox 184 2404 275 2457; x_wconf 75' lang='lat' dir='ltr'><strong>per</strong></span> <span class='ocrx_word' id='word_1_211' title='bbox 290 2386 583 2448; x_wconf 80' lang='lat' dir='ltr'><strong>clausulas</strong></span> <span class='ocrx_word' id='word_1_212' title='bbox 609 2383 925 2461; x_wconf 84' lang='lat' dir='ltr'><strong>generales</strong></span> <span class='ocrx_word' id='word_1_213' title='bbox 953 2384 1112 2443; x_wconf 88' lang='lat' dir='ltr'><strong>idem</strong></span> <span class='ocrx_word' id='word_1_214' title='bbox 1144 2384 1550 2457; x_wconf 82' lang='lat' dir='ltr'><strong>importantes</strong></span> <span class='ocrx_word' id='word_1_215' title='bbox 1574 2426 1588 2453; x_wconf 89' lang='lat'>‚</span> <span class='ocrx_word' id='word_1_216' title='bbox 1618 2406 1788 2445; x_wconf 90' lang='lat' dir='ltr'><strong>men-</strong></span> 
     </span>
     <span class='ocr_line' id='line_1_31' title="bbox 186 2458 1792 2538; baseline 0.004 -23"><span class='ocrx_word' id='word_1_217' title='bbox 186 2462 295 2533; x_wconf 82' lang='lat' dir='ltr'><strong>tio,</strong></span> <span class='ocrx_word' id='word_1_218' title='bbox 335 2485 439 2523; x_wconf 87' lang='lat' dir='ltr'><strong>seu</strong></span> <span class='ocrx_word' id='word_1_219' title='bbox 496 2465 724 2538; x_wconf 74' lang='lat' dir='ltr'><strong>quaevis</strong></span> <span class='ocrx_word' id='word_1_220' title='bbox 777 2458 899 2519; x_wconf 84' lang='lat' dir='ltr'><strong>alia</strong></span> <span class='ocrx_word' id='word_1_221' title='bbox 951 2460 1253 2534; x_wconf 86' lang='lat' dir='ltr'><strong>expressio</strong></span> <span class='ocrx_word' id='word_1_222' title='bbox 1307 2458 1626 2531; x_wconf 84' lang='lat' dir='ltr'><strong>habenda,</strong></span> <span class='ocrx_word' id='word_1_223' title='bbox 1681 2472 1792 2521; x_wconf 84' lang='lat' dir='ltr'><strong>aut</strong></span> 
     </span>
     <span class='ocr_line' id='line_1_32' title="bbox 186 2533 1790 2613; baseline 0.002 -21"><span class='ocrx_word' id='word_1_224' title='bbox 186 2534 366 2613; x_wconf 81' lang='lat' dir='ltr'><strong>aliqua</strong></span> <span class='ocrx_word' id='word_1_225' title='bbox 418 2538 539 2598; x_wconf 83' lang='lat' dir='ltr'><strong>alia</strong></span> <span class='ocrx_word' id='word_1_226' title='bbox 588 2538 885 2613; x_wconf 81' lang='lat' dir='ltr'><strong>exquisita</strong></span> <span class='ocrx_word' id='word_1_227' title='bbox 939 2535 1139 2593; x_wconf 80' lang='lat' dir='ltr'><strong>forma</strong></span> <span class='ocrx_word' id='word_1_228' title='bbox 1187 2533 1267 2593; x_wconf 87' lang='lat' dir='ltr'><strong>ad</strong></span> <span class='ocrx_word' id='word_1_229' title='bbox 1315 2533 1432 2591; x_wconf 89' lang='lat' dir='ltr'><strong>hoc</strong></span> <span class='ocrx_word' id='word_1_230' title='bbox 1488 2536 1790 2595; x_wconf 82' lang='lat' dir='ltr'><strong>servanda</strong></span> 
     </span>
     <span class='ocr_line' id='line_1_33' title="bbox 187 2608 1791 2689; baseline -0.001 -18"><span class='ocrx_word' id='word_1_231' title='bbox 187 2612 348 2688; x_wconf 79' lang='lat' dir='ltr'><strong>foret,</strong></span> <span class='ocrx_word' id='word_1_232' title='bbox 394 2627 641 2676; x_wconf 80' lang='lat' dir='ltr'><strong>tenores</strong></span> <span class='ocrx_word' id='word_1_233' title='bbox 686 2611 1081 2689; x_wconf 79' lang='lat' dir='ltr'><strong>hujusmodi,</strong></span> <span class='ocrx_word' id='word_1_234' title='bbox 1135 2630 1205 2669; x_wconf 85' lang='lat' dir='ltr'><strong>ac</strong></span> <span class='ocrx_word' id='word_1_235' title='bbox 1253 2611 1300 2668; x_wconf 89' lang='lat' dir='ltr'><strong>si</strong></span> <span class='ocrx_word' id='word_1_236' title='bbox 1327 2610 1421 2667; x_wconf 77' lang='lat' dir='ltr'><strong>&#39;de</strong></span> <span class='ocrx_word' id='word_1_237' title='bbox 1474 2608 1663 2668; x_wconf 82' lang='lat' dir='ltr'><strong>verbo</strong></span> <span class='ocrx_word' id='word_1_238' title='bbox 1713 2612 1791 2671; x_wconf 82' lang='lat' dir='ltr'><strong>ad</strong></span> 
     </span>
     <span class='ocr_line' id='line_1_34' title="bbox 188 2683 1791 2765; baseline 0.001 -20"><span class='ocrx_word' id='word_1_239' title='bbox 188 2690 413 2750; x_wconf 84' lang='lat' dir='ltr'><strong>verbum</strong></span> <span class='ocrx_word' id='word_1_240' title='bbox 460 2688 617 2749; x_wconf 79' lang='lat' dir='ltr'><strong>nihil</strong></span> <span class='ocrx_word' id='word_1_241' title='bbox 662 2692 907 2765; x_wconf 84' lang='lat' dir='ltr'><strong>penitus</strong></span> <span class='ocrx_word' id='word_1_242' title='bbox 941 2689 1197 2760; x_wconf 87' lang='lat' dir='ltr'><strong>omiss0‚</strong></span> <span class='ocrx_word' id='word_1_243' title='bbox 1240 2696 1302 2744; x_wconf 87' lang='lat' dir='ltr'><strong>et</strong></span> <span class='ocrx_word' id='word_1_244' title='bbox 1340 2686 1538 2744; x_wconf 85' lang='lat' dir='ltr'><strong>forma</strong></span> <span class='ocrx_word' id='word_1_245' title='bbox 1576 2687 1638 2743; x_wconf 91' lang='lat' dir='ltr'><strong>in</strong></span> <span class='ocrx_word' id='word_1_246' title='bbox 1673 2683 1791 2746; x_wconf 84' lang='lat' dir='ltr'><strong>illis</strong></span> 
     </span>
     <span class='ocr_line' id='line_1_35' title="bbox 189 2761 1790 2837; baseline 0.001 -18"><span class='ocrx_word' id='word_1_247' title='bbox 189 2766 387 2827; x_wconf 76' lang='lat' dir='ltr'><strong>tradita</strong></span> <span class='ocrx_word' id='word_1_248' title='bbox 460 2767 785 2827; x_wconf 78' lang='lat' dir='ltr'><strong>observata</strong></span> <span class='ocrx_word' id='word_1_249' title='bbox 840 2811 855 2836; x_wconf 78' lang='lat'>‚</span> <span class='ocrx_word' id='word_1_250' title='bbox 915 2763 1122 2822; x_wconf 76' lang='lat' dir='ltr'><strong>iisdem</strong></span> <span class='ocrx_word' id='word_1_251' title='bbox 1200 2761 1606 2837; x_wconf 74' lang='lat' dir='ltr'><strong>praesentibus</strong></span> <span class='ocrx_word' id='word_1_252' title='bbox 1674 2781 1790 2835; x_wconf 86' lang='lat' dir='ltr'><strong>pro</strong></span> 
     </span>
     <span class='ocr_line' id='line_1_36' title="bbox 187 2836 1784 2916; baseline -0.001 -18"><span class='ocrx_word' id='word_1_253' title='bbox 187 2838 336 2911; x_wconf 83' lang='lat' dir='ltr'><strong>plene</strong></span> <span class='ocrx_word' id='word_1_254' title='bbox 360 2890 377 2916; x_wconf 91' lang='lat'>‚</span> <span class='ocrx_word' id='word_1_255' title='bbox 410 2852 473 2903; x_wconf 88' lang='lat' dir='ltr'><strong>et</strong></span> <span class='ocrx_word' id='word_1_256' title='bbox 520 2840 888 2901; x_wconf 87' lang='lat' dir='ltr'><strong>sufficienter</strong></span> <span class='ocrx_word' id='word_1_257' title='bbox 924 2840 1211 2915; x_wconf 77' lang='lat' dir='ltr'><strong>expressis</strong></span> <span class='ocrx_word' id='word_1_258' title='bbox 1235 2885 1251 2911; x_wconf 85' lang='lat'>‚</span> <span class='ocrx_word' id='word_1_259' title='bbox 1285 2850 1348 2897; x_wconf 86' lang='lat' dir='ltr'><strong>et</strong></span> <span class='ocrx_word' id='word_1_260' title='bbox 1393 2839 1640 2897; x_wconf 81' lang='lat' dir='ltr'><strong>insertis</strong></span> <span class='ocrx_word' id='word_1_261' title='bbox 1679 2836 1784 2897; x_wconf 81' lang='lat' dir='ltr'><strong>ha-</strong></span> 
     </span>
     <span class='ocr_line' id='line_1_37' title="bbox 190 2913 1787 2991; baseline -0.002 -17"><span class='ocrx_word' id='word_1_262' title='bbox 190 2915 371 2978; x_wconf 84' lang='lat' dir='ltr'><strong>bentes</strong></span> <span class='ocrx_word' id='word_1_263' title='bbox 396 2964 413 2990; x_wconf 90' lang='lat'><strong>‚</strong></span> <span class='ocrx_word' id='word_1_264' title='bbox 456 2918 535 2977; x_wconf 84' lang='lat' dir='ltr'><strong>ad</strong></span> <span class='ocrx_word' id='word_1_265' title='bbox 569 2917 848 2977; x_wconf 87' lang='lat' dir='ltr'><strong>effectum</strong></span> <span class='ocrx_word' id='word_1_266' title='bbox 900 2916 1294 2991; x_wconf 72' lang='lat' dir='ltr'><strong>praesentium</strong></span> <span class='ocrx_word' id='word_1_267' title='bbox 1316 2961 1332 2987; x_wconf 81' lang='lat'>‚</span> <span class='ocrx_word' id='word_1_268' title='bbox 1366 2913 1484 2973; x_wconf 89' lang='lat' dir='ltr'><strong>illis</strong></span> <span class='ocrx_word' id='word_1_269' title='bbox 1530 2913 1680 2972; x_wconf 58' lang='lat' dir='ltr'><strong>alies</strong></span> <span class='ocrx_word' id='word_1_270' title='bbox 1722 2916 1787 2971; x_wconf 88' lang='lat' dir='ltr'><strong>in</strong></span> 
     </span>
     <span class='ocr_line' id='line_1_38' title="bbox 188 2991 1783 3070; baseline -0.003 -19"><span class='ocrx_word' id='word_1_271' title='bbox 188 3010 275 3053; x_wconf 89' lang='lat' dir='ltr'><strong>suo</strong></span> <span class='ocrx_word' id='word_1_272' title='bbox 294 2995 515 3055; x_wconf 80' lang='lat' dir='ltr'><strong>robore</strong></span> <span class='ocrx_word' id='word_1_273' title='bbox 530 2994 945 3070; x_wconf 79' lang='lat' dir='ltr'><strong>permansuris</strong></span> <span class='ocrx_word' id='word_1_274' title='bbox 959 3037 974 3066; x_wconf 87' lang='lat'><strong>,</strong></span> <span class='ocrx_word' id='word_1_275' title='bbox 994 2991 1212 3050; x_wconf 83' lang='lat' dir='ltr'><strong>harum</strong></span> <span class='ocrx_word' id='word_1_276' title='bbox 1231 2992 1383 3050; x_wconf 84' lang='lat' dir='ltr'><strong>serie</strong></span> <span class='ocrx_word' id='word_1_277' title='bbox 1401 2991 1783 3065; x_wconf 83' lang='lat' dir='ltr'><strong>derogamus.</strong></span> 
     </span>
    </p>
   </div>
   <div class='ocr_carea' id='block_1_6' title="bbox 188 3065 2084 3235">
    <p class='ocr_par' dir='ltr' id='par_1_6' title="bbox 188 3065 2084 3235">
     <span class='ocr_line' id='line_1_39' title="bbox 268 3065 2084 3151; baseline -0.004 -21"><span class='ocrx_word' id='word_1_278' title='bbox 268 3068 318 3146; x_wconf 77' lang='lat'><strong>§-</strong></span> <span class='ocrx_word' id='word_1_279' title='bbox 358 3068 458 3146; x_wconf 88' lang='lat'><strong><em>45.</em></strong></span> <span class='ocrx_word' id='word_1_280' title='bbox 502 3069 669 3130; x_wconf 88' lang='lat' dir='ltr'><strong>Nulli</strong></span> <span class='ocrx_word' id='word_1_281' title='bbox 726 3089 869 3143; x_wconf 87' lang='lat' dir='ltr'><strong>ergo</strong></span> <span class='ocrx_word' id='word_1_282' title='bbox 925 3070 1179 3126; x_wconf 86' lang='lat' dir='ltr'><strong>omnino</strong></span> <span class='ocrx_word' id='word_1_283' title='bbox 1233 3068 1556 3126; x_wconf 86' lang='lat' dir='ltr'><strong>hominum</strong></span> <span class='ocrx_word' id='word_1_284' title='bbox 1609 3065 1789 3125; x_wconf 84' lang='lat' dir='ltr'><strong>liceat</strong></span> <span class='ocrx_word' id='word_1_285' title='bbox 1877 3099 2084 3151; x_wconf 46' lang='lat' dir='ltr'><strong>Sanctio</strong></span> 
     </span>
     <span class='ocr_line' id='line_1_40' title="bbox 188 3144 2048 3235; baseline -0.001 -34"><span class='ocrx_word' id='word_1_286' title='bbox 188 3150 438 3220; x_wconf 77' lang='lat' dir='ltr'><strong>paginam</strong></span> <span class='ocrx_word' id='word_1_287' title='bbox 490 3146 652 3205; x_wconf 77' lang='lat' dir='ltr'><strong>hane</strong></span> <span class='ocrx_word' id='word_1_288' title='bbox 690 3150 1049 3207; x_wconf 85' lang='lat' dir='ltr'><strong>Nostrarum</strong></span> <span class='ocrx_word' id='word_1_289' title='bbox 1092 3144 1550 3202; x_wconf 84' lang='lat' dir='ltr'><strong>ordinationum</strong></span> <span class='ocrx_word' id='word_1_290' title='bbox 1583 3187 1598 3215; x_wconf 84' lang='lat'>‚</span> <span class='ocrx_word' id='word_1_291' title='bbox 1643 3163 1784 3234; x_wconf 73' lang='lat' dir='ltr'><strong>con·</strong></span> <span class='ocrx_word' id='word_1_292' title='bbox 1811 3168 2048 3235; x_wconf 69' lang='lat' dir='ltr'><strong>poenalis.</strong></span> 
     </span>
    </p>
   </div>
   <div class='ocr_carea' id='block_1_7' title="bbox 190 3220 1787 3451">
    <p class='ocr_par' dir='ltr' id='par_1_7' title="bbox 190 3220 1787 3451">
     <span class='ocr_line' id='line_1_41' title="bbox 190 3220 1787 3296; baseline -0.001 -17"><span class='ocrx_word' id='word_1_293' title='bbox 190 3224 496 3283; x_wconf 84' lang='lat' dir='ltr'><strong>cessionum</strong></span> <span class='ocrx_word' id='word_1_294' title='bbox 517 3264 533 3294; x_wconf 91' lang='lat'><em>,</em></span> <span class='ocrx_word' id='word_1_295' title='bbox 570 3222 1046 3296; x_wconf 83' lang='lat' dir='ltr'><strong>assignationum</strong></span> <span class='ocrx_word' id='word_1_296' title='bbox 1077 3264 1093 3290; x_wconf 87' lang='lat'>‚</span> <span class='ocrx_word' id='word_1_297' title='bbox 1128 3221 1506 3278; x_wconf 84' lang='lat' dir='ltr'><strong>taxationum</strong></span> <span class='ocrx_word' id='word_1_298' title='bbox 1531 3263 1544 3289; x_wconf 91' lang='lat'><strong>,</strong></span> <span class='ocrx_word' id='word_1_299' title='bbox 1580 3220 1787 3295; x_wconf 75' lang='lat' dir='ltr'><strong>prohi—</strong></span> 
     </span>
     <span class='ocr_line' id='line_1_42' title="bbox 190 3290 1786 3372; baseline 0.002 -21"><span class='ocrx_word' id='word_1_300' title='bbox 190 3290 467 3357; x_wconf 81' lang='lat' dir='ltr'><strong>bitionum</strong></span> <span class='ocrx_word' id='word_1_301' title='bbox 490 3344 506 3372; x_wconf 90' lang='lat'>,</span> <span class='ocrx_word' id='word_1_302' title='bbox 547 3298 979 3357; x_wconf 79' lang='lat' dir='ltr'><strong>mandatorum</strong></span> <span class='ocrx_word' id='word_1_303' title='bbox 1006 3341 1023 3368; x_wconf 86' lang='lat'>,</span> <span class='ocrx_word' id='word_1_304' title='bbox 1066 3294 1450 3353; x_wconf 84' lang='lat' dir='ltr'><strong>decretorum</strong></span> <span class='ocrx_word' id='word_1_305' title='bbox 1471 3342 1486 3370; x_wconf 92' lang='lat'>,</span> <span class='ocrx_word' id='word_1_306' title='bbox 1540 3299 1786 3369; x_wconf 86' lang='lat' dir='ltr'><strong>statuti,</strong></span> 
     </span>
     <span class='ocr_line' id='line_1_43' title="bbox 190 3371 1783 3451; baseline 0.001 -22"><span class='ocrx_word' id='word_1_307' title='bbox 190 3371 499 3437; x_wconf 78' lang='lat' dir='ltr'><strong>voluntatis</strong></span> <span class='ocrx_word' id='word_1_308' title='bbox 567 3372 1087 3451; x_wconf 82' lang='lat' dir='ltr'><strong>approbationum</strong></span> <span class='ocrx_word' id='word_1_309' title='bbox 1115 3414 1133 3447; x_wconf 89' lang='lat'>,</span> <span class='ocrx_word' id='word_1_310' title='bbox 1192 3372 1733 3431; x_wconf 72' lang='lat' dir='ltr'><strong>confirmationum</strong></span> <span class='ocrx_word' id='word_1_311' title='bbox 1766 3420 1783 3449; x_wconf 87' lang='lat'>,</span> 
     </span>
    </p>
   </div>
  </div>
 </body>
</html>
