2434 3992
611 167 732 231 150
1117 166 1507 230 ansmc‘n
1550 164 1725 229 xlv.

351 277 482 334 Pon
503 294 552 333 τ.
607 277 694 333 ex'
721 270 904 332 Clero
949 270 1233 331 Saeculari
1257 318 1273 345 ‚
1308 284 1371 331 et
1402 272 1691 347 Regulari
1730 270 2015 347 gravibus
2038 274 2249 345 Viris,

247 360 260 375 ⁸
353 350 418 403 A.
441 351 532 403 lv.
609 370 680 409 ac
726 347 1088 425 Theologica
1115 394 1136 423 ,
1169 359 1235 407 et
1276 351 1589 409 Canonica
1629 348 1922 409 facultate
1952 360 2248 425 praestan-

609 427 776 485 tibus
801 471 819 500 ‚
877 445 1032 502 quos
1073 445 1287 507 omnes
1340 446 1551 484 coram
1598 424 1783 484 Nobis
1830 424 2057 499 semel,
2101 426 2201 485 bis
2234 471 2246 496 ‚

610 503 797 562 tertio
833 500 910 561 de
927 502 1233 579 praedictis
1260 501 1445 563 rebus
1466 503 1803 561 sententias
1842 522 1983 560 suas
2008 507 2252 578 aperire

611 579 1076 654 mandavimus;
1105 600 1176 639 ea
1211 578 1465 638 tandem
1493 577 1824 637 decernere
1845 622 1862 651 ,
1898 588 2089 654 atque
2113 598 2245 639 san-

612 657 738 714 cire
771 658 1094 715 statuimus
1118 700 1134 722 ,
1193 676 1327 731 quae
1358 662 1471 731 per
1512 654 1623 714 has
1672 656 1905 713 Literas
1962 659 2253 729 Nostram,

609 732 803 792 Vobis
829 777 846 803 ‚
878 730 1281 794 Venerabiles
1297 736 1543 790 Fratres
1560 776 1579 801 ‚
1608 750 1721 807 per
1744 732 2104 791 universum
2124 738 2251 791 An·

613 807 853 867 tiochiae
891 806 1389 883 Patriamhatum,
1430 806 1806 866 orthodoxis
1850 809 2250 868 Graeco-Mel·

611 884 922 943 chitarum
969 882 1377 943 Ecclesiarnm
1425 887 1468 941 E
1518 884 1771 958 iscopis‚
1810 883 2113 957 tenenda,
2164 896 2247 944 at-

613 980 734 1037 que
771 960 1156 1020 observanda
1183 1005 1200 1033 ‚
1240 965 1475 1035 Aposto
1500 960 1592 1018 ica
1628 960 2001 1018 auctoritate
2051 960 2249 1023 decla·

612 1057 821 1095 ramus
854 1058 872 1095 2
918 1038 1244 1096 maximam
1260 1036 1337 1095 de
1362 1035 1537 1097 vobis
1562 1034 1851 1094 omnibus
1884 1036 1948 1093 in
1988 1039 2250 1097 Domino

614 1112 900 1171 fiduciam
935 1112 1238 1172 habentes
1270 1158 1289 1185 ‚
1336 1112 1471 1171 fore
1492 1157 1515 1184 ,
1569 1122 1643 1171 ut
1695 1116 1971 1171 Paternae
2018 1117 2253 1173 Nostrae

613 1209 684 1247 er
723 1210 758 1248 a
797 1194 922 1250 Vos
948 1189 1274 1261 charitati,
1314 1210 1385 1248 ac
1412 1187 1697 1248 studiosae
1714 1187 1793 1246 de
1832 1187 2017 1247 rebus
2036 1192 2251 1249 vestris

613 1209 1014 1325 sofiicitudini
1035 1311 1056 1338 ,
1098 1266 1337 1340 integra
1362 1310 1377 1337 ‚
1408 1276 1854 1341 promptaque,
1880 1274 1953 1323 ut
1986 1286 2103 1341 par
2128 1278 2251 1341 est,

616 1340 970 1399 obedientia
995 1386 1012 1413 ‚
1047 1351 1237 1417 atque
1260 1342 1655 1403 observantia
1693 1340 2138 1416 respondeatis.

341 1433 594 1501 Qumuo.
691 1418 744 1483 ὑ.
799 1434 857 1475 2.
902 1422 1092 1479 Porro
1140 1437 1211 1475 ex
1255 1417 1461 1477 dubiis
1497 1460 1511 1483 ‚
1558 1428 1620 1476 et
1662 1416 1987 1493 postulatis
2027 1439 2067 1477 a
2103 1436 2249 1495 prae·

315 1519 434 1553 rum
475 1518 595 1567 par-
619 1490 868 1551 laudato
905 1498 1064 1554 Ven.
1121 1498 1341 1552 Fratre
1370 1492 1605 1569 Cyrillo
1632 1493 1993 1553 patriarcha
2029 1514 2251 1571 propo-

318 1568 454 1619 titio.
619 1568 748 1628 sitis
773 1612 794 1641 ,
833 1566 1037 1645 aliqua
1089 1572 1407 1645 pertinent
1455 1570 1535 1629 ad
1578 1571 2109 1631 conservationem
2154 1574 2249 1631 Ri-

621 1655 796 1703 tuum
827 1690 844 1718 ,
891 1656 952 1704 et
1003 1650 1245 1705 Morum
1281 1644 1559 1705 Ecclesiae
1608 1650 1834 1706 Graecae
1864 1693 1881 1721 ,
1924 1657 2071 1707 ‘tum
2113 1650 2251 1707 uni-

620 1741 938 1780 versorum
969 1722 1034 1781 in
1089 1743 1311 1798 genere
1338 1765 1353 1790 ,
1428 1733 1562 1781 tum
1617 1743 1829 1781 eorum
1888 1724 1955 1781 in
2016 1726 2252 1800 specie,

621 1798 728 1873 qui
765 1797 846 1857 ad
881 1799 1257 1875 jejuniorum
1275 1798 1729 1858 observantiam
1752 1809 1852 1873 ‚et
1877 1802 2252 1859 Sacrosancti

621 1876 812 1933 Missae
867 1874 1158 1933 sacrificii
1213 1872 1695 1934 celebrationem
1746 1876 2065 1950 attinent3
2124 1875 2250 1935 Alia

617 1960 952 2028 yersantur
993 1953 1155 2009 circa
1185 1956 1220 2009 J
1225 1950 1680 2010 urisdictionem
1702 1951 1971 2027 ejusdem
2001 1954 2248 2011 Patriar·

625 2026 787 2094 chae,
841 2036 904 2083 et
961 2028 1399 2102 Epist-operum
1448 2029 1507 2085 ei
1556 2026 1975 2086 sub’ectorum
2004 2072 2022 2101 ,
2074 2048 2247 2103 quam

623 2102 768 2161 hinc
810 2102 891 2161 ab
930 2105 1240 2178 Episcopis
1283 2104 1635 2176 MaronitiS‚
1674 2050 1827 2161 ltine
1858 2124 2011 2164 vero
2050 2124 2085 2161 a
2125 2106 2249 2163 Mis·

623 2179 904 2236 sionariis
945 2179 1554 2255 Latinisperturbari
1581 2180 1877 2237 asseritur
1912 2201 1933 2238 ε
1953 2178 2251 2239 Nonnulla

623 2254 892 2333 deniq-ue
931 2266 1211 2330 spectant
1250 2255 1329 2314 ad
1357 2254 1805 2315 Monachorum'
1842 2254 2249 2330 disciplinam,

625 2350 963 2406 eorumque
987 2330 1319 2405 legitimam
1344 2332 1772 2407 Superioribus
1786 2330 2250 2408 subjec-tionem3

625 2416 766 2465 tum
781 2409 964 2466 etiam
990 2406 1070 2467 ad
1101 2406 1547 2483 Religiosarum
1572 2410 1993 2468 Foeminarum
2024 2406 2253 2467 vivendi

627 2486 716 2542 Re
755 2482 956 2553 ulam,
1001 2504 1337 2559 earumque
1370 2487 1640 2561 regimen
1664 2528 1677 2552 ,
1728 2494 1791 2544 et
1825 2484 2106 2544 tutelam.

351 2564 500 2619 Nihil
527 2564 605 2617 in·
743 2601 761 2618 .
795 2560 854 2618 3.
883 2566 970 2617 De
999 2560 1246 2621 Ritibus
1300 2562 1524 2636 igitur,
1564 2572 1627 2620 et
1666 2561 1941 2622 moribus
1988 2559 2252 2619 Ecclesiae

328 2632 606 2711 novariju-
630 2637 856 2695 Graecae
910 2635 1066 2697 illud
1126 2638 1427 2711 imprimis
1478 2640 1811 2712 generatim
1868 2636 2249 2697 statuendum

328 2703 417 2779 ¹³⁶ss
474 2717 608 2751 cirea
631 2710 1014 2774 decrevimus
1035 2758 1055 2785 ‚
1079 2714 1315 2771 nemini
1341 2712 1581 2773 licuisse
1598 2758 1614 2786 ,
1656 2726 1765 2773 aut
1792 2712 1975 2773 licere
1995 2759 2011 2787 ,
2048 2713 2255 2787 quovis

329 2768 609 2848 Rutusch.
633 2789 846 2859 titulo,
879 2800 942 2848 et
971 2789 1174 2849 colore
1193 2834 1212 2861 ‚
1238 2800 1298 2848 et
1312 2810 1705 2866 quacumque
1728 2791 2120 2861 auctoritate,
2150 2798 2251 2845 aut

329 2836 524 2888 Graecae
554 2852 610 2887 ¹¹³
634 2864 934 2941 dignitate
964 2908 979 2933 ,
1022 2866 1259 2924 etiamsi
1300 2864 1698 2926 Patriarchali
1720 2913 1739 2940 ,
1788 2876 1899 2925 aut
1931 2861 2251 2951 Episcopali

331 2920 529 2971 genem
633 2942 1030 3018 praefulgeat,
1075 2941 1416 3017 quidquam
1476 2945 1779 3003 innovare
1811 2984 1825 3011 ,
1876 2954 1987 3002 aut
2033 2937 2250 3015 aliquid

635 3020 1068 3085 introducere,
1117 3018 1285 3092 quod
1324 3020 1627 3094 integram
1658 3064 1673 3090 ‚
1734 3029 2125 3093 exactamque
2156 3035 2249 3073 eo-

335 3072 612 3189 s¹¹¹¹¹3⁰v⁸g
637 3096 919 3154 rumdem
976 3092 1466 3154 observationem
1518 3096 1868 3153 imminuat.
1920 3096 2075 3153 Hinc
2106 3102 2193 3149 est
2234 3135 2249 3161 ,

337 3155 578 3257 Affssfea·
681 3171 802 3262 uod
842 3169 1157 3269 Euthymii
1193 3169 1341 3261 olim
1369 3170 1829 3262 Archiepiscopi
1860 3172 2039 3244 Tyri,
2078 3178 2135 3258 et
2168 3167 2248 3256 Si—

335 3273 466 3338 Tyri
527 3226 612 3323 ipa,
679 3268 814 3307 onis
836 3293 852 3317 ‚
881 3254 1015 3309 Wirl
1047 3245 1322 3323 alioqum
1350 3246 1654 3307 Catholici
1676 3289 1693 3316 ,
1734 3267 1949 3323 reique
1984 3245 2251 3334 Christla·

335 3338 518 3391 ductas
542 3359 613 3392 re·
639 3343 732 3381 nae
779 3323 1188 3399 propagandoe
1228 3324 1683 3397 studiosissimi,
1720 3326 1951 3382 factum
1973 3364 1987 3391 ,
2014 3319 2153 3379 alias
2178 3317 2256 3375 ab

339 3408 536 3471 probat.
639 3398 754 3457 hac
769 3400 918 3458 Sede
938 3398 1291 3475 Apostolica
1315 3400 1392 3476 de
1414 3422 1583 3460 auno
1608 3397 1775 3481 1716.
1814 3396 2213 3478 improbatum
2236 3437 2251 3465 ,
2374 3432 2377 3564 1

2378 2788 2381 2928 1
