2434 3992
250 297 482 356 Pon-r.

225 367 451 425 ·A.V.

283 1892 515 1946 Sanctio.

285 2512 408 2562 Dat.
428 2509 512 2561 die

236 2575 316 2626 23.
376 2580 511 2644 Aug.

241 2643 384 2710 1744·

550 170 674 248 328
751 253 756 258 ,
1051 169 1445 243 BENEmcm
1489 165 1666 242 XIV.

547 288 693 349 litiae
725 286 1059 364 praedictae,
1083 286 1271 345 etiam
1298 291 1649 362 juramento
1668 331 1684 358 ‚
1714 277 2170 350 confirmatione

547 361 894 441 Apostolica
920 409 937 437 ‚
979 359 1079 423 vel
1136 363 1353 438 quavis
1390 361 1681 422 firmitate
1714 362 1834 422 alia
1882 364 2173 426 roboratis

545 442 790 502 statutis
809 486 825 515 ,
852 450 915 500 et
936 431 1517 522 consuetudinibuS‚
1544 437 1763 514 privile
1792 441 1877 498 ‘iis'
1908 445 2171 520 quoque,-

543 516 806 578 Indultis
831 563 849 590 ‚
893 525 956 577 et
983 516 1198 589 Literis
1232 512 1597 590 Apostolicis
1622 561 1639 588 ‚
1672 517 1778 592 qui
1828 520 1993 578 usvis
2022 523 2173 579 Con·

545 593 832 666 ventibus
858 638 875 666 ‚
917 602 981 653 e't
1022 590 1353 665 Militibus,
1404 601 1467 650 et
1491 595 1793 652 'Person‘is
1858 595 2175 672 utriusque

543 668 772 744 Militiae
799 664 1152 748 hujusmodi
1170 714 1186 742 ,
1211 667 1329 728 su'b
1348 666 1836 745 quibuscumque
1863 671 2177 732 tenoribus

543 756 607 806 et
638 739 852 808 formis
873 791 890 820 ,
929 755 1000 806 ac
1032 758 1174 804 cum
1196 743 1515 822 quibusvis
1540 745 1729 818 etiam
1761 744 2179 821 derogatoria·

541 821 708 884 rium
768 823 1209 898 derogatoriis,
1274 818 1533 896 aliisque
1584 813 2034 884 efficacioribus
2061 865 2089 902 ²,
2120 827 2179 884 et'

546 899 802 960 insolitis
840 897 1127 959 clausulis
1148 945 1165 973 ‚
1215 895 1727 974 irritantibusque
1748 944 1765 972 ,
1798 909 1863 957 et
1890 897 2031 958 aliis
2072 903 2175 961 De·

541 979 723 1036 cretis
763 978 825 1035 in
873 995 1095 1052 genere
1121 1017 1140 1048 ‚
1185 972 1283 1032 vel
1334 975 1399 1032 in
1450 973 1645 1048 specie
1692 975 1894 1046 *etiam
1948 977 2177 1036 iteratis

542 1052 781 1112 vicibus
814 1053 1144 1119 concessis,
1174 1043 1528 1126 approbatis
1547 1096 1564 1122 ‚
1592 1061 1653 1109 et
1679 1047 2016 1112 innovatis.
2038 1055 2173 1128 Qui-

542 1127 658 1190 bus
699 1128 1022 1201 omnihuS,
1071 1129 1309 1187 etiamsi
1345 1125 1422 1184 de
1467 1116 1616 1200 illis,
1662 1138 1733 1185 a'c
1772 1129 1919 1188 totis
1965 1142 2176 1188 eo'rum

541 1206 862 1270 tenoribus
883 1251 900 1279 ‚
927 1196 1235 1281 specialis,
1274 1196 1552 1278 specifica
1580 1244 1597 1276 ‚
1632 1217 1907 1279 expressa·
1928 1248 1944 1275 ‚
1988 1215 2051 1264 et
2088 1209 2174 1266 in·

541 1281 796 1343 dividua
838 1283 1072 1356 mentio
1121 1278 1447 1352 habenda,
1496 1280 1603 1338 au't
1650 1277 1860 1356 aliq'ua
1909 1279 2031 1341 alia
2082 1304 2168 1341 ex-

542 1359 766 1432 quisita
809 1357 1008 1416 forma
1044 1355 1122 1415 ad
1167 1345 1286 1414 hoc
1336 1354 1637 1415 servanda
1690 1355 1895 1432 foret2,
1932 1367 2169 1432 tenores

541 1432 892 1509 huiusmodi
923 1478 940 1506 ‚
995 1452 1066 1491 ac
1103 1432 1153 1490 si
1195 1430 1274 1490 de
1314 1430 1507 1492 verbo
1542 1431 1622 1490 ad
1652 1431 1913 1492 vex-'bum
1954 1435 2168 1494 insere·

541 1518 802 1582 rentur,
863 1507 1268 1585 praesentibus
1312 1527 1429 1583 pro
1466 1503 1838 1570 sufficienter
1888 1513 2170 1587 expressis

539 1583 838 1645 habentes
863 1629 880 1657 ,
936 1582 1053 1643 illis
1099 1581 1250 1643 alias
1295 1584 1359 1642 in‘
1407 1593 1518 1643 suo
1557 1575 1781 1644 robore
1816 1605 2168 1662 permansu-

538 1661 624 1720 ri's
646 1706 662 1734 ,
697 1661 813 1722 hac
851 1661 985 1720 vice
1027 1660 1383 1732 dumtaxat,
1423 1659 1503 1720 ad
1539 1664 1997 1736 praemissorum
2039 1662 2166 1724 effe-

539 1747 710 1796 ctum
745 1733 1088 1815 specialiter
1109 1781 1126 1810 ,
1164 1746 1226 1795 et
1267 1755 1539 1812 expresse
1567 1736 1966 1814 derogamus,
2004 1751 2167 1800 caete·

540 1815 622 1874 ris
671 1831 746 1874 ue·
785 1814 1110 1873 contrariis
1151 1811 1664 1888 quibuscumque.

615 1835 672 1968 ξ.
723 1903 812 1948 11.
857 1889 1021 1950 Nulli
1051 1904 1194 1963 ergo
1230 1890 1484 1948 omnino
1517 1887 1840 1963 hominum
1860 1888 2045 1966 liceat
2070 1910 2164 1968 pa·

537 1962 743 2041 ginatn
800 1961 960 2025 hanc
1014 1968 1365 2038 nostrarum
1406 1960 1944 2041 confirmationis,
1990 1973 2165 2028 Iuno·

538 2042 804 2101 vationis
834 2085 851 2112 ‚
896 2037 1305 2114 concessionis
1332 2087 1349 2115 ,
1415 2062 1513 2100 am
1559 2038 1867 2112 liationiS,
1921 2043 2162 2120 deroga·

537 2119 722 2176 tionis
743 2163 759 2190 ,
786 2117 1013 2176 statuti
1029 2119 1304 2190 ,Decreti
1328 2162 1344 2191 ,
1364 2127 1427 2177 et
1444 2130 1525 2178 v'o
1553 2114 1783 2186 untatis
1800 2117 2161 2196 infringere,

537 2191 636 2253 v‘el
676 2194 731 2252 ei
771 2213 925 2252 ausu
969 2195 1301 2254 temerario
1337 2195 1669 2254 contraire.
1699 2196 1757 2253 Si
1794 2189 1934 2270 quis
1968 2210 2163 2256 autem

536 2267 654 2328 hoc
717 2278 1032 2329 attentare
1098 2265 1555 2346 praesumpserit
1596 2317 1611 2344 ‚
1682 2267 2164 2346 indignationem

538 2345 995 2421 Omnipotentis
1040 2341 1149 2407 Dei
1175 2391 1193 2420 ‚
1238 2357 1301 2406 ct
1326 2350 1651 2406 Beatorum
1682 2349 1877 2421 Petri,
1904 2357 1970 2408 e't
2002 2347 2159 2410 Pauli

535 2419 975 2498 Apostolorum
1017 2421 1146 2500 eius
1179 2437 1242 2482 se
1286 2425 1532 2484 noverit
1574 2425 1993 2484 incursurum.

611 2504 836 2558 Datum
858 2503 1066 2560 Romae
1089 2497 1255 2577 apud
1282 2503 1566 2559 Sanctam
1598 2501 1857 2559 Mariam
1877 2505 2158 2578 Maiorem

534 2581 718 2637 Anno
739 2577 1194 2636 Incarnationis
1217 2577 1547 2636 Dominicae
1584 2573 1912 2636 millesimo
1944 2577 2157 2654 septin-

532 2653 870 2728 gentesimo
927 2653 1615 2730 quadragesimoquarto
1653 2697 1670 2727 ,
1734 2652 1975 2712 decimo
2031 2646 2153 2711 Kal.

533 2729 935 2806 Septembris,
976 2730 1373 2790 Pontificatus
1407 2730 1611 2790 Nostri
1643 2732 1827 2790 Anno
1860 2731 2093 2808 quinto.

1137 2846 1229 2903 1).
1284 2845 1461 2909 Θανιί.
1508 2846 1903 2903 Passionem·-

763 2959 821 3017 Ι.
857 2956 1178 3020 Datne-iusi

1167 3102 1312 3162 Vrsa
1354 3112 1435 3160 m:
1477 3101 1699 3176 Coun.-

755 3219 810 3276 J.
847 3221 920 3276 Ca
960 3207 1198 3276 B'oscbi.

1325 3298 1381 3354 J.
1417 3299 1485 3354 Β.
1529 3293 1853 3370 Eugenius.

717 3407 1059 3484 Registrata
1097 3412 1164 3466 in
1199 3411 1522 3469 Secaetaria
1564 3411 1862 3479 Brevium,
