2434 3992
390 273 433 323 P
458 288 605 323 our.

405 345 467 391 A.
501 342 593 391 lV.

660 150 786 216 240
1206 144 1598 213 BENnnic‘rl
1635 141 1809 213 XIV.

659 260 739 319 tis
770 255 1117 335 expeditas,
1142 256 1652 319 Procuratoribus
1699 258 2004 317 remittat.
2049 261 2270 335 Insuper

662 344 1039 401 memoratus
1080 336 1338 395 Sanctus
1373 336 1513 393 Pius
1554 340 1713 411 Papa
1743 338 1824 398 V.
1875 334 1940 410 in
1985 354 2098 393 sua
2133 340 2268 397 Con-

658 414 1013 486 stitutione,
1066 432 1201 489 quae
1242 412 1458 489 incipit
1485 457 1501 485 ‚
1541 412 1620 469 In
1667 430 1876 467 earum
1915 430 2108 467 rerum
2143 432 2269 469 com-

658 490 984 544 mutatione
1021 535 1038 560 ‚
1104 488 1250 547 data
1304 510 1430 549 xlv.
1489 487 1795 549 Kalendas
1855 489 2070 547 Junias
2117 492 2269 549 Anno

658 569 998 647 MDLXIXJ
1033 567 1094 624 in
1127 575 1490 643 qua'vetera
1523 564 1794 641 Collegia
1831 566 2198 641 Scriptorum
2221 577 2270 625 et

655 645 1133 702 Procuratorum
1156 644 1498 703 Literarum
1531 643 2004 703 Poenitentiariae
2033 663 2069 701 a
2091 662 2148 701 se
2165 644 2269 719 ipso

656 738 978 795 suppressa
1000 720 1077 779 ad
1096 718 1538 780 cancellariam
1558 725 1746 797 Apost
1755 719 1974 779 olicam
2003 718 2118 778 sub‘
2139 739 2270 779 nova

658 795 1162 857 denominatione
1225 799 1606 874 Scriptorum
1641 844 1658 869 ,
1717 806 1780 856 et
1831 802 2269 856 Procuratorum

656 874 1003 935 Literarum
1048 872 1542 951 Apostolicarum
1586 874 1841 934 Minoris
1880 876 2136 955 Gratiae²
2167 883 2264 931 tra·

658 949 869 1021 duxit,
916 950 995 1010 ad
1032 950 1300 1023 *eundem
1337 950 1744 1027 Sigillatorem
1771 952 2082 1027 pertinere
2109 947 2268 1010 voluit

656 1025 1030 1105 peculiarem
1079 1050 1292 1089 curam
1329 1030 1608 1087 omnium
1645 1028 2265 1105 expeditionum,quae

656 1124 769 1181 per
812 1106 937 1166 duo
976 1106 1269 1181 praedicta
1322 1104 1594 1181 Collegia
1637 1104 1895 1174 fierent,
1940 1114 2122 1181 atque
2153 1123 2265 1178 pro·

664 1194 959 1243 ventuum
986 1184 1457 1243 Poenitentiariae
1484 1202 1554 1241 ex
1581 1180 1935 1259 hujusmodi
1970 1178 2264 1257 expeditio-

658 1258 845 1321 nibus
894 1260 1434 1339 percipiendorum
1479 1263 1896 1331 exactionem,
1936 1268 2000 1317 et
2035 1256 2268 1316 admini-

657 1339 1018 1397 strationem
1051 1358 1069 1413 ς
1130 1336 1630 1414 compilationem
1677 1354 1962 1413 quoque,
2004 1345 2067 1393 et
2109 1352 2264 1393 asser-

656 1415 967 1473 vationem
1013 1418 1414 1489 Regestorum
1443 1459 1459 1487 ‚
1501 1425 1630 1473 tam
1673 1414 1952 1472 omnium
1991 1408 2262 1487 Supplica—

654 1490 895 1549 t'ionum
926 1489 1003 1549 ad
1028 1493 1314 1551 materias
1337 1492 1586 1550 Minoris
1611 1491 1840 1549 Gratiae
1857 1490 2263 1565 spectantium,

652 1586 857 1643 quam
888 1568 1229 1628 Literarum
1271 1566 1764 1645 Apostolicorum
1797 1586 1982 1642 super
2022 1567 2102 1624 eis
2145 1560 2290 1623 con!

658 1643 1112 1719 ficiendarum3
1170 1643 1694 1723 quemadmodum
1747 1645 1934 1702 etiam
1990 1643 2055 1701 in
2101 1638 2265 1700 altera

658 1723 1030 1797 supracitata
1069 1723 1530 1781 Constitutione
1567 1740 1752 1796 super
1799 1740 1961 1780 nova
1995 1720 2266 1777 erectione

656 1796 861 1859 officii
880 1800 1350 1859 Poenitentiariae
1365 1799 1526 1858 edita
1547 1842 1563 1871 ‚
1587 1797 1784 1855 eidem
1801 1795 2127 1873 sigillatori
2147 1793 2263 1853 alio·

574 1902 585 1909 ·
658 1895 801 1935 rum
854 1878 1132 1937 omnium
1175 1882 1700 1935 Documentorum
1745 1883 1807 1933 et
1845 1876 2266 1951 Scripturarum

442 2836 637 2892 Munus

660 1952 740 2011 ad
792 1954 986 2027 ipsam
1030 1954 1552 2021 Poenitentiariam
1600 1952 2050 2027 pertinentium
2101 1958 2266 2009 custo-

660 2028 827 2087 diam
868 2028 1265 2088 demandavit
1279 2028 1718 2105 ‚ejusdemque
1750 2026 1896 2093 fidei
1935 2039 1999 2088 et
2031 2020 2268 2105 periculo

660 2105 988 2165 commisit.
1036 2110 1181 2179 Quae
1225 2104 1368 2167 licet
1405 2125 1742 2180 ermagna
1779 2114 1958 2179 parte
2006 2124 2130 2165 non
2167 2108 2270 2180 jam

658 2200 771 2257 per
824 2200 889 2240 se
934 2184 1133 2257 ipsum
1158 2228 1180 2255 0
1231 2182 1337 2245 sed
1379 2202 1490 2259 per
1533 2179 2088 2256 Pr0‚·Sigillatorem
2129 2198 2264 2239 exer·

658 2278 797 2317 cere
816 2302 844 2329 ‚,
888 2259 1215 2321 immutata
1254 2261 1441 2319 etiam
1487 2256 1876 2335 aliquatenus
1915 2258 2130 2335 agendi
2169 2274 2266 2315 me·

658 2334 855 2393 thodo
882 2380 898 2406 ‚
938 2335 1307 2413 jampridem
1341 2338 1399 2394 ei
1433 2356 1789 2395 concessum
1835 2336 2068 2411 fuerit3
2113 2334 2270 2409 ipsius

658 2422 867 2473 tamen
906 2411 1264 2488 sigillatoris
1305 2414 1423 2475 erit
1465 2412 1830 2487 invigilare„
1867 2423 1932 2471 et
1975 2411 2121 2471 dare
2154 2429 2268 2486 ope·

658 2510 794 2549 ram
822 2534 838 2562 ,
886 2500 957 2548 ut
1000 2492 1207 2551 omnia
1249 2510 1512 2566 quaeque
1557 2500 1693 2565 per*
1716 2490 1952 2549 dictum
1989 2484 2267 2561 Pro-Sigil-

658 2564 921 2633 latorem
962 2567 1334 2638 exercenda,
1373 2587 1508 2643 quae
1548 2566 1891 2643 cujusmodi
1935 2568 2062 2627 sint
2086 2610 2104 2639 2
2143 2563 2266 2626 infe·

660 2646 787 2703 rius
828 2652 1167 2703 statuemus
1186 2691 1202 2719 ,
1234 2654 1398 2703 recte
1436 2664 1506 2703 ac
1539 2642 1807 2703 fideliter
1838 2642 1923 2711 ‚ab
1949 2643 2160 2705 eodem
2185 2637 2267 2699 ad·

658 2722 1111 2789 ministrentur.
1787 2735 1790 2737 ’

738 2802 789 2867 §.
820 2794 910 2855 18.
953 2802 1386 2867 Procuratores
1404 2842 1420 2870 ,
1445 2817 1550 2857 seu
1571 2797 1888 2857 Secretarii
1910 2841 1927 2869 ,
1962 2800 2124 2856 inter
2145 2811 2269 2873 quos

358 2903 601 2952 Procura-
662 2876 930 2936 materiae
956 2879 1113 2951 justa
1140 2876 1474 2951 partitione
1499 2873 1844 2936 dividendae
1877 2886 2066 2937 erunt
2085 2916 2098 2941 ,
2133 2890 2264 2931 com·

358 2978 553 3020 tofum.

663 2956 841 3013 missa
882 2951 997 3009 sibi
1030 2953 1290 3027 quisque
1331 2953 1574 3027 negotia
1608 2950 1836 3011 sedulo¹
1859 2948 2263 3029 diligenterque

660 3038 1134 3107 prosequantur.
1194 3025 1458 3087 Libellos
1501 3028 1802 3105 supplices
1840 3071 1854 3097 ,
1901 3027 2210 3103 literasque
2235 3041 2260 3078 a

662 3104 1124 3166 recurrentibus
1158 3107 1366 3164 missas
1396 3106 2058 3181 integre‘percurrant‚
2093 3112 2255 3163 atten-

656 3198 844 3260 teque
880 3183 1268 3259 perpendant
1291 3228 1308 3252 ‚
1351 3203 1688 3259 earumque
1721 3182 2114 3259 compendia,
2145 3194 2253 3237 cum

658 3260 745 3319 ita
781 3280 874 3319 res
912 3258 1069 3319 feret
1093 3308 1108 3329 ,
1153 3258 1417 3321 fideliter
1465 3261 1816 3319 conficiant.
1857 3264 2096 3319 Cuncta
2141 3268 2252 3315 vero

659 3340 737 3395 ad
778 3342 1069 3412 Maiorem
1100 3338 1660 3409 Poenitentiarium.,
1689 3335 1788 3399 vel
1828 3330 2148 3413 Regedtem
2178 3348 2249 3388 re·

660 3414 865 3473 ferant
889 3454 907 3484 ,
954 3413 1231 3490 nihilque
1267 3416 1516 3492 penitus
1563 3416 1836 3493 responsi
1870 3412 2128 3549 εειάδὲζε
2150 3424 2252 3543 tag·

1913 3510 2019 3567 gre
2062 3506 2148 3547 tan
2175 3502 2260 3551 ur,
