2434 3992
687 172 1136 238 Bouneima.
1636 172 1757 241 225

147 281 560 359 quinquaginta
589 278 956 341 ducatorum
982 281 1116 342 auri
1145 279 1225 341 de
1251 284 1509 343 Came-ra
1536 281 1615 343 ad
1640 289 1755 343 Da·
1814 288 1859 341 A
1878 304 1910 341 ι
1934 306 1965 340 κ
1982 306 2021 343 ο

152 361 342 417 tariam
379 358 1032 433 transmittendorum²
1069 356 1146 417 ad
1189 358 1471 419 effectum
1516 362 1623 433 (ut
1665 362 1757 420 in·
1854 356 2003 425 1744·

152 436 394 495 concussi
449 436 638 494 moris
685 436 806 509 est)
855 434 1148 511 erogandi
1195 437 1259 495 in
1304 434 1756 512 eleemosynas3

153 512 246 570 nisi
277 515 444 589 prior
483 513 679 587 gratia
716 511 996 588 expedita
1029 512 1241 572 fuisset
1275 514 1339 572 in
1376 513 1571 574 forma
1646 534 1754 573 au·

152 609 376 665 perum3
475 609 556 647 uo
610 609 750 649 casu
809 590 993 649 etiam
1050 588 1176 649 haec
1226 592 1421 664 gratia
1473 592 1609 651 simi
1637 594 1755 651 iter

155 665 350 743 absque
383 607 510 725 ulla
542 666 984 741 compositione
1015 666 1396 743 expediatur.

213 740 261 819 §-
285 738 380 818 42.
419 744 481 803 Si
517 744 628 818 qui
669 763 817 803 vero
856 746 1180 815 Oratores,
1220 742 1477 803 obtenta
1510 742 1754 819 dispen-
1776 736 2061 817 Εῑξῑξθίω

157 821 353 879 satione
389 840 426 879 a
473 822 719 879 Dataria
753 840 937 897 super
977 818 1419 896 impedimento
1446 821 1669 898 primi,
1694 830 1757 881 et
1778 811 1995 885 3⁸²¹⁶¹¹⁴P

158 896 404 967 secundi,
443 899 572 957 sive
599 897 851 955 secundi
877 896 1196 956 dumtaxat
1230 897 1455 972 gradus
1482 902 1755 957 Consan-
1779 880 2032 989 ζμωῖἒοῖ

161 973 470 1046 guinitatis,
505 993 611 1033 seu
639 968 974 1033 Affinitatis
993 1018 1006 1041 ,
1039 994 1182 1033 cum
1211 976 1593 1050 expressione
1622 977 1757 1051 qui·
1783 954 2061 1056 ululat-xlc:-

160 1050 271 1109 dem
317 1047 578 1110 carnalis
637 1050 910 1126 copulas,
966 1051 1071 1109 sed
1117 1053 1304 1111 tacita
1360 1049 1640 1124 occulta,
1698 1062 1761 1111 et
1784 1024 2065 1123 tamisi.

163 1124 424 1187 malitiosa
467 1128 810 1187 intentione
852 1128 914 1186 in
963 1127 1092 1203 ipsa
1141 1127 1365 1204 copula
1411 1126 1625 1187 habita
1684 1128 1763 1188 ad
1785 1156 1928 1208 pons.

165 1201 360 1264 facilius
405 1202 802 1265 obtinendam
844 1204 1395 1279 dispensationem,
1484 1224 1555 1265 ro
1588 1224 1764 1265 reva-

164 1277 422 1341 lidatione
479 1279 830 1359 hujusmodi
874 1280 1347 1357 dispensationis
1396 1302 1429 1339 a
1534 1281 1765 1341 dictam

165 1358 642 1419 Poenitentiariam
697 1368 1057 1431 recurrant,
1111 1360 1305 1435 possit
1350 1357 1517 1419 idem
1572 1365 1767 1438 Major

165 1436 614 1495 poenitentiarius
648 1433 910 1510 desuper
935 1432 1214 1495 absolute
1246 1436 1599 1513 dispensare
1622 1457 1767 1497 cum

168 1508 576 1573 miserabilibus
595 1512 878 1589 personis
903 1510 1180 1587 explicite
1204 1512 1655 1573 affirmantibus
1678 1535 1767 1586 se,

168 1590 236 1647 uti
266 1589 404 1651 tales
424 1634 438 1659 ‚
466 1600 528 1650 et
553 1579 670 1649 sub
693 1586 794 1647 illa
815 1608 1092 1663 expressa
1121 1588 1451 1667 qualitate,
1474 1602 1538 1651 et
1567 1591 1769 1651 forma

169 1664 602 1737 miserabilium,
665 1665 1150 1741 dispensationes
1211 1686 1249 1725 a
1301 1669 1551 1725 Dataria
1600 1664 1766 1727 obti-

171 1744 331 1804 nuisse
368 1766 384 1805 ε
425 1748 585 1803 Cum
629 1743 702 1801 iis
740 1761 924 1812 vero,
967 1742 1231 1817 quinon
1270 1752 1584 1820 tamquam
1614 1762 1767 1817 pau-

171 1838 340 1895 peres,
398 1818 506 1881 sed
564 1820 657 1879 uti
714 1839 784 1878 ex
829 1816 1110 1899 'honestis
1161 1817 1451 1883 familiis,
1499 1822 1627 1877 sive
1676 1820 1771 1878 uti

173 1896 403 1972 nobiles,
451 1898 582 1958 sive
629 1897 720 1954 uti
767 1893 1070 1968 illustres,
1109 1894 1190 1955 ab
1244 1896 1455 1955 eadem
1522 1896 1773 1957 Dataria

172 1972 408 2035 similiter
441 1973 772 2051 dispensati
807 1972 1074 2045 fuerint,
1113 1993 1239 2033 non
1269 1972 1618 2050 dispenset,
1654 1972 1773 2033 nisi

174 2048 334 2111 soluta
427 2052 554 2111 rius
597 2053 662 2109 in
720 2046 1010 2123 Dataria,
1063 2048 1140 2109 ad
1195 2048 1482 2111 effectum
1529 2052 1771 2128 pariter

174 2146 354 2205 erogan
400 2132 421 2188 i
461 2130 523 2188 in
565 2126 1016 2201 eleemosynas,
1047 2136 1186 2187 taxa
1220 2126 1567 2187 definienda
1607 2126 1769 2188 arbi·

174 2204 266 2263 trio
291 2203 556 2285 ejusdem
584 2205 828 2283 Maioris
855 2204 1301 2264 poenitentiarii
1320 2246 1335 2273 ,
1358 2206 1629 2281 pensatis
1650 2207 1767 2265 cir·

175 2283 512 2343 cumstantiis
545 2286 984 2357 cu'uscumque
1009 2299 1182 2339 casus
1206 2325 1223 2352 ‚
1262 2290 1327 2337 et
1357 2292 1633 2357 respectu
1663 2281 1769 2342 ha·

174 2355 275 2418 bito
301 2359 372 2420 ad
409 2363 601 2437 praeju
650 2359 833 2417 icium
869 2355 1363 2431 componendae,
1398 2367 1459 2415 et
1492 2357 1570 2416 ad
1612 2358 1773 2417 vires

176 2435 628 2513 supplicantium.
676 2438 732 2494 Si
783 2446 994 2493 tamen
1039 2434 1138 2492 isti
1189 2451 1491 2507 pauperes
1536 2443 1769 2506 essent,

179 2510 240 2569 ita
269 2525 331 2573 ut
369 2532 515 2573 vere
543 2523 608 2572 et
637 2510 888 2571 realiter
923 2512 1225 2584 integram
1258 2527 1559 2567 summam
1608 2520 1771 2569 taxa-

179 2596 306 2661 tam,
339 2588 435 2652 vel
473 2588 741 2667 aliquam
781 2594 910 2666 ejus
935 2596 1172 2662 partem
1209 2582 1451 2643 solvere
1486 2605 1607 2644 non
1638 2604 1774 2661 pos·

178 2678 312 2730 sent.
346 2666 632 2745 praefatus
669 2671 862 2742 Major
891 2663 1391 2724 poenitentiarius
1427 2672 1777 2737 opportune

179 2741 224 2799 in
248 2742 348 2803 hoc
373 2764 514 2805 casu
581 2743 860 2803 rovideat
878 2788 894 2814 ,
922 2741 1084 2800 facto
1121 2738 1314 2801 verbo
1334 2784 1351 2811 ‚
1378 2739 1426 2797 si
1453 2735 1779 2815 peculiaris

179 2817 460 2883 difficultas
500 2765 578 2880 id)
603 2817 902 2896 postulet.
951 2838 1092 2878 cum
1130 2816 1541 2877 SanctissimO.

233 2893 276 2973 S.
309 2896 404 2973 43.
444 2902 522 2959 Su
571 2917 639 2956 er
686 2895 1125 2973 impedimento
1171 2890 1415 2974 occulto
1464 2890 1779 2953 affinitatis
1823 2882 1985 2952 8⁰1³ss
2005 2886 2084 2941 *fi

180 2988 230 3029 ex
255 2974 457 3052 copula
486 2972 526 3034 il
557 2974 698 3033 icita
721 3017 736 3044 ,
777 2994 879 3033 seu
909 2992 978 3031 ex
1014 2982 1156 3032 actu
1189 2971 1521 3030 fornicario
1561 2987 1777 3045 prove·
1801 2950 1893 3069 δή
1912 2969 1981 3030 ⁶¹.
1994 2969 2079 3069 ff?-

181 3048 384 3125 niente‚
417 3052 922 3129 quotiescumque
948 3046 1109 3108 adsit
1149 3044 1533 3108 rationabilis
1562 3064 1778 3120 causa,
1801 3035 1931 3138 ἓξὲξ
1969 3037 1985 3069 ¹
2038 3038 2077 3069 '⁹

181 3119 292 3187 licet
333 3126 672 3205 periculum
718 3125 1146 3189 revelationis,
1196 3144 1303 3183 seu
1346 3120 1783 3183 scandalorum

181 3219 280 3269 non
324 3206 701 3271 immineret,
745 3202 841 3265 vel
883 3224 1005 3263 non
1045 3202 1319 3269 adesset,
1356 3200 1423 3259 in
1466 3199 1781 3259 matrimo-

181 3279 275 3337 niis
295 3290 409 3341 tam
431 3282 762 3342 contractis
779 3327 794 3352 ‚
817 3300 997 3359 quam
1027 3275 1467 3345 contrahendis
1485 3322 1499 3349 ‚
1530 3278 1593 3336 in
1620 3280 1783 3336 Foro

181 3360 525 3419 conscientiae
569 3359 962 3435 dispensare,
1004 3367 1068 3418 et
1105 3354 1447 3432 dispensari
1492 3351 1783 3415 mandare

181 3436 372 3511 possit,
409 3447 468 3497 et
509 3433 734 3499 valeat.
1330 3508 1383 3567 K
1424 3502 1459 3566 5
1546 3496 1567 3511 ,
