2434 3992
352 268 563 318 Pomm

386 344 449 385 Α.
470 335 565 385 111.

346 1848 587 1905 Intermi-

312 1929 438 1972 nato
467 1939 589 1989 quo·

314 2001 412 2052 que
483 1990 589 2040 Ca:-

313 2054 463 2104 lestis
478 2056 587 2107 vin-

311 2118 465 2173 dictae
487 2140 586 2173 me-

311 2192 391 2238 tu.

380 2852 588 2903 Sanctio

310 2921 583 2998 Constitu-

314 2999 495 3037 tionis.

627 174 651 215 ι
670 152 746 216 16
1145 150 1534 213 BENEmc‘ri
1589 142 1763 213 XIV.

619 260 910 333 signatus.
966 261 1261 317 Praeterea
1311 256 1704 316 meminerint
1741 274 1896 330 saepe
1941 254 2102 314 lianc
2143 262 2265 317 Ur-

619 334 761 393 bem
816 337 1057 409 potenti
1118 333 1552 409 Apostolorum
1599 334 1988 409 protectione
2030 332 2068 390 a
2111 337 2265 391 Bar-

617 410 914 469 barorum
957 411 1336 484 incursibus,
1367 432 1400 469 a
1427 410 1589 469 caede
1609 456 1625 484 ,
1665 432 1700 469 a
1739 408 2227 485 depopulatione
2247 456 2264 480 ,

616 486 697 546 ab
722 486 1054 559 incendii-⁴3,
1090 506 1125 543 a
1166 486 1651 559 terraemotibuS,
1689 485 1952 563 aliisque
1969 488 2268 543 innume·-

610 564 699 622 ris
750 560 1075 638 periculis,
1132 572 1197 621 et
1250 561 1702 622 calamitatibus
1767 561 2120 621 liberatam.
2188 567 2266 619 In

614 650 885 697 mentem
938 640 1232 699 revocent
1286 641 1614 697 innumera
1673 636 1784 698 illa·
1821 636 2145 713 prodigia,
2205 648 2268 695 et

610 715 877 790 gratiam,
929 734 1079 789 quas
1134 716 1213 773 ad
1273 714 1532 790 gloriam
1588 718 1916 773 Servorum
1963 732 2264 784 suorum,

614 790 1029 851 Brancleorum
1049 835 1066 863 ‚
1108 790 1207 851 vel
1233 796 1610 851 Catenarum
1648 799 1934 848 contactu
1954 834 1971 861 ,
2002 787 2105 847 vel
2127 788 2266 847 sola

614 868 896 927 oratione
915 913 931 940 ‚
968 876 1081 925 aut
1114 869 1380 927 nominis
1401 868 1788 925 invocatione
1809 900 1829 938 ‚·
1851 866 2267 939 antiquorum

614 943 891 1003 fidelium
924 946 1153 1021 pietaS,
1190 966 1260 1003 ac
1283 945 1529 1006 devotio
1555 942 1635 1001 ab
1673 942 2101 1016 Omnipotenti
2128 946 2264 999 Deo

614 1021 911 1081 obtinuit.
981 1026 1242 1079 Demum
1291 1022 1353 1079 in
1413 1020 1703 1078 memoria
1752 1016 2021 1076 habeant
2063 1016 2264 1078 verba

613 1096 719 1158 illa
776 1098 945 1157 Beati
986 1098 1201 1156 Leonis
1261 1096 1716 1156 Praedeeessoris
1756 1094 1960 1153 Nostri
2003 1093 2082 1151 ad
2131 1096 2262 1151 Ro-

596 1182 869 1234 manum
906 1172 1206 1249 Populum
1249 1194 1320 1231 ex
1361 1170 1732 1231 Beati-Petri
1774 1167 2088 1228 Cathedra
2129 1168 2257 1228 cla·

612 1252 875 1322 manti3‚
926 1260 987 1309 et
1024 1249 1288 1309 dicentis
1325 1270 1342 1307 :
1387 1249 1557 1321 Licet
1607 1264 1840 1301 omnem
1878 1246 2262 1315 Ecclesiam,

612 1346 757 1403 quae,
793 1327 857 1380 in
890 1334 1005 1380 toto
1038 1336 1129 1381 est
1175 1322 1320 1381 Orbe
1367 1320 1673 1381 strumam
1686 1366 1702 1396 ,
1747 1322 1974 1377 eunctis
1995 1332 2264 1395 oporteat

593 1402 809 1477 florere
842 1401 1160 1457 virtutibus
1172 1423 1199 1471 ;
1233 1416 1354 1457 ‘vos'
1384 1410 1586 1455 tamen
1611 1398 1912 1473 proecrivue
1949 1397 2119 1474 inter,
2134 1416 2261 1453 σαε-

609 1488 759 1532 aem-s·
786 1477 1041 1552 populos
1070 1476 1237 1533 decet
1255 1476 1476 1532 mefitis
1501 1474 1752 1551 pietatis·
1771 1472 2044 1529 excellere
2063 1518 2080 1545 ‚
2105 1493 2262 1550 quos

611 1552 679 1607 in
716 1553 849 1627 ipsa
886 1550 1250 1626 Apostolicoe
1273 1562 1468 1627 petroe
1496 1570 1636 1607 'aree
1653 1548 1954 1625 fundatos
1976 1579 1998 1621 ‚-
2034 1559 2094 1603 et
2123 1549 2258 1605 Do-

612 1629 809 1685 minus
852 1627 1073 1683 Noster
1102 1630 1274 1685 Iesus
1303 1627 1566 1684 Christus
1605 1644 1746 1681 cum
1771 1622 2042 1681 omnibus
2082 1624 2259 1679 rede-

611 1704 721 1759 mit
736 1750 753 1776 ,
790 1714 849 1759 et
901 1704 1137 1761 Beatus
1170 1701 1494 1781 Apostolus
1547 1704 1768 1758 Petrus
1803 1722 1942 1777 proe
1977 1698 2257 1757 omnibus

610 1780 879 1838 erudivit.
1791 1842 1794 1849 ¹

688 1854 743 1933 3.
778 1856 870 1915 13.
914 1860 1193 1916 Cavean't
1230 1854 1451 1930 igitur,
1482 1867 1571 1914 nef⁴
1586 1856 1818 1916 Sanctis
1855 1861 2116 1918 suorum
2150 1858 2255 1912 Pa-

610 1943 843 1992 storum
882 1933 1132 1989 monitis
1189 1932 1660 2008 inobsequentes
1681 1974 1694 1998 ,
1747 1951 1825 1989 ne
1865 1932 2258 1989 immemores

612 2007 1051 2067 beneficiorum
1082 2006 1228 2079 Dei,
1253 2028 1331 2066 ne
1364 2006 1683 2082 irreligiosi
1709 2026 1850 2081 erga
1875 2008 2098 2066 Servos
2123 2010 2256 2081 ejus

614 2090 825 2143 Beatos
862 2080 1185 2156 Apostolos
1203 2118 1228 2155 ‚»
1265 2094 1325 2143 et
1363 2082 1666 2142 absimiles
1699 2088 2008 2141 ma'orum·
2033 2082 2255 2156 pietati

612 2160 1031 2225 inveniantur.
1068 2161 1546 2231 Magnum-enim
1595 2161 1801 2234 pericu
1833 2179 1936 2216 um
1963 2166 2101 2231 est.,·
2131 2176 2258 2215 esse

612 2236 1081 2309 homines·',·per
1116 2232 1490 2297 oblivionem
1531 2234 1970 2293 beneficiorum
1992 2276 2006 2301 ,
2050 2235 2254 2307 ingra-

612 2324 707 2370 tos
741 2317 897 2376 Deo,
930 2320 993 2368 et
1022 2311 1223 2371 Servis
1247 2318 1377 2387 ejus
1397 2356 1413 2384 ,
1443 2327 1556 2369 nec
1577 2312 1967 2385 correptione
1994 2310 2254 2385 corrigi,

612 2388 838 2447 nec'de
878 2388 1087 2460 gratiis
1120 2386 1460 2447 recordari.
1499 2385 1710 2445 Sciant
1745 2386 2047 2460 denique,
2087 2384 2256 2460 quod

611 2470 826 2523 Beatos
866 2459 1222 2537 Apostolos,
1255 2466 1361 2539 qui
1399 2462 1564 2537 apud
1591 2468 1784 2521 Deum
1823 2464 2256 2519 intercessores

611 2540 727 2597 sibi
773 2560 899 2599 esse
937 2560 1061 2598 non
1100 2550 1314 2613 curat,
1353 2558 1606 2597 suarum
1646 2536 1967 2613 culparum
2011 2554 2256 2595 severos

613 2615 853 2690 Judices
901 2614 1188 2685 habehit,
1229 2626 1290 2673 et
1327 2636 1480 2690 quos
1515 2613 1938 2673 conciliatores
1975 2629 2258 2689 supernae

599 2691 1017 2754 miserationis
1042 2689 1273 2749 habere
1299 2692 1674 2765 con-temnit,
1700 2689 1940 2749 offensae
1972 2694 2255 2764 maiesta-

600 2769 689 2827 -t'is
717 2768 940 2826 sentiet
971 2763 1227 2823 ultores.
1711 2832 1714 2835 ἢ

688 2842 744 2920 §-
786 2842 877 2917 14..
909 2840 1073 2901 Nulli
1096 2861 1241 2915 ergo
1267 2842 1522 2899 omnino
1545 2838 1867 2899 hominum
1891 2838 2257 2900 liceat‘hanc

610 2920 895 2995 paginam
948 2921 1181 2975 Nostrae
1228 2918 1738 2987 constitutionis,
1793 2918 2071 2987 Decreti‚
2121 2920 2259 2976 Sta·

611 2998 767 3069 tuti,
805 2992 1226 3067 Definitionis,
1258 2994 1648 3066 Monitionis,
1693 3003 1754 3051 et
1777 2991 2136 3055 Voluntatis
2161 2994 2253 3050 in-

610 3072 913 3143 fringere,
953 3067 1052 3129 vel
1104 3071 1160 3128 ei
1208 3086 1372 3128 ausu
1429 3070 1759 3127 temerario
1805 3070 2138 3128 contraire.
2199 3069 2259 3127 si

606 3145 746 3222 quis·
787 3156 992 3205 autem
1043 3144 1159 3204 hoc
1202 3155 1510 3205 attentare
1555 3147 2008 3220 praesumpserit
2035 3191 2050 3218 ,
2092 3144 2253 3203 indi-

612 3224 961 3295 gnationem
987 3222 1446 3297 Omnipotentis
1463 3224 1606 3295 Dei,
1623 3242 1694 3280 ac
1714 3226 2041 3280 Be’atorum
2059 3222 2255 3291 Petri,

605 3308 680 3354 et
714 3296 882 3356 Pauli
924 3294 1361 3374 Apostolorum
1399 3304 1530 3375 ejus
1568 3318 1631 3357 se
1675 3301 1919 3358 noverit
1973 3300 2252 3355 incursu-

608 3393 778 3436 rum.
821 3379 1048 3436 Datum
1079 3378 1288 3439 Romae
1318 3374 1484 3457 apud
1517 3378 1806 3437 Sanctam
1843 3376 2097 3437 Mariam
2123 3378 2252 3435 Ma·
