2434 3992
597 216 728 285 418
1096 217 1485 282 Bssxssmc‘n
1528 210 1701 278 XIV.

335 342 542 395 Pon-r.
601 330 1020 399 MDCLVIH„
1053 336 1118 385 et
1149 324 1251 384 die
1300 342 1427 382 xm.
1480 324 1645 398 Sept.
1674 324 1797 379 An.
1843 320 2231 401 MDCLXIX.

359 412 426 462 Δ.
447 411 514 461 V.
601 405 933 479 respective
972 402 1162 474 datis,
1200 404 1371 459 omni
1400 401 1744 459 animorum
1794 398 2237 473 contentione,

289 493 428 549 ,dnn
481 492 577 541 im·
601 488 783 555 atque
837 478 963 538 zelo
1030 478 1317 536 obtinere
1377 484 1675 535 curarunt
1742 473 1949 549 (quod
1998 484 2064 533 et
2114 480 2239 533 Nos

301 560 438 675 fleta
487 559 580 609 do·
601 576 812 614 eorum
855 556 1120 631 vestigiis
1176 554 1545 612 inhaerentes
1599 570 1986 625 summopere
2057 558 2235 626 opta*

323 632 392 677 fl·
599 652 771 703 mus,
822 642 884 690 et
944 640 1244 707 quantum
1297 633 1358 688 in
1407 628 1670 689 Domino
1720 646 2088 702 possumus3
2141 626 2234 684 di-

598 708 810 767 stricte
851 708 1233 783 praecipimus
1259 752 1275 779 ,
1306 716 1367 765 et
1408 703 1834 777 mandamus),
1866 712 1938 760 ut
1981 700 2235 763 Nobiles

600 804 738 843 cum
766 781 1073 843 Plebeisin
1111 804 1296 842 unam
1314 782 1693 856 eandemque
1726 777 2054 838 Ecclesiam
2084 799 2231 839 con-

598 861 948 935 venientes,
985 881 1110 919 una
1152 857 1334 918 simul
1382 859 1586 920 Divini
1613 855 1788 917 verbi
1824 854 2060 930 pabulo
2092 856 2230 914 refl-

599 946 916 1009 ceremur,
961 946 1021 994 et
1075 935 1347 995 Ecclesiae
1393 939 1779 993 Sacramenta
1824 934 2177 1007 reciperent
2210 976 2229 1005 ,

597 1023 790 1107 utque
834 1014 1192 1073 Missionarii
1233 1017 1577 1087 Regnorum
1602 1055 1619 1082 ,
1644 1006 2228 1087 Provinciarumque'

597 1088 1009 1149 Orientalium
1039 1089 1354 1148 Indiarum
1380 1131 1394 1157 ,
1431 1090 1522 1146 sui
1564 1084 1744 1145 officii
1777 1104 2109 1160 memoreS,
2138 1087 2223 1145 ita

598 1167 806 1226 animo
832 1176 1029 1226 essent
1066 1166 1403 1241 comparati
1440 1174 1627 1241 atque
1658 1162 1973 1237 dispositi,
2000 1173 2071 1220 ut
2100 1183 2222 1222 non

597 1262 768 1302 secus
810 1262 880 1302 ac
923 1241 1277 1309 Nobilibus,
1327 1240 1577 1317 abiectis
1601 1258 1877 1315 quoque,
1911 1248 1971 1295 et
2000 1238 2224 1299 infimae

597 1321 779 1379 sortis
808 1318 1160 1388 hominibus
1185 1360 1203 1389 ,
1261 1319 1323 1375 in
1375 1320 1447 1375 iis
1479 1361 1496 1390 ,
1552 1334 1687 1394 quae
1730 1312 1808 1372 ad
1844 1312 2220 1391 spiritualem

600 1414 810 1453 eorum
843 1396 1184 1471 profectum
1225 1394 1569 1471 pertinent,
1661 1401 1838 1450 raesto
1878 1402 2111 1465 essent,
2150 1390 2220 1450 il·

595 1468 790 1547 lisque
833 1472 895 1529 in
935 1472 1196 1545 propriis
1238 1472 1420 1527 etiam
1446 1413 1764 1539 domigus,
1815 1468 1925 1526 etsi
1956 1467 2221 1527 humilli-

597 1547 710 1605 mis
756 1565 825 1603 ac
885 1546 1146 1603 sordidis
1175 1587 1190 1613 ‚
1229 1548 1475 1603 Sacrum
1524 1546 1829 1606 Viatieum
1873 1544 2223 1605 ministrare

593 1622 846 1679 minime
891 1632 1269 1680 recusarent.
1319 1626 1435 1693 At,
1524 1621 1645 1679 uod
1678 1621 1936 1678 maxime
1965 1624 2086 1681 Nos
2114 1643 2214 1681 an-

594 1699 681 1773 git
703 1741 719 1769 ,
757 1699 883 1756 sive
931 1696 1011 1757 ob
1053 1697 1445 1756 immodicum
1480 1642 1652 1754 illum
1686 1695 2011 1754 horrorem
2034 1743 2053 1769 ,
2100 1720 2219 1775 quo

594 1773 763 1844 claro
814 1794 1034 1851 genere
1089 1775 1219 1832 nati
1259 1773 1481 1831 infimae
1538 1770 1749 1831 Plebis·
1792 1771 2109 1847 homineS,
2150 1786 2213 1834 ut

593 1850 824 1923 fertur,
876 1851 964 1909 ita
1023 1860 1419 1922 aversantur,
1470 1857 1542 1906 ut
1579 1846 1676 1909 vel
1717 1845 1963 1906 illorum
2008 1860 2205 1911 eonta-

595 1936 696 1985 ctu
735 1945 798 1984 se
849 1924 1327 1998 commaculari,
1373 1922 1813 1999 nobilitateque
1840 1969 1856 1994 ,
1920 1934 1984 1982 et
2028 1926 2205 2002 gradu

592 2002 810 2061 cadere
837 2002 950 2060 sibi
971 2001 1380 2077 persuadeant
1398 2046 1413 2071 ‚
1443 2002 1580 2077 (qui
1597 2012 1799 2059 tamen
1828 1998 2055 2061 horror
2077 2023 2201 2062 cum

590 2080 671 2137 sit
709 2076 938 2136 Christi
957 2075 1084 2153 lege
1109 2077 1468 2147 dammum,
1508 2098 1540 2135 e
1571 2076 2063 2136 Christianorum
2086 2080 2197 2137 ani-

589 2155 706 2211 mis
731 2156 984 2213 omniuo
1016 2162 1106 2211 est
1157 2151 1599 2227 eliminandus)
1630 2174 1648 2189 ·
1698 2154 1827 2211 sive
1871 2153 1955 2211 ob
1988 2157 2201 2231 patrias

587 2229 784 2305 leges,
829 2230 1204 2305 imperiaque
1251 2234 1481 2305 Regum
1533 2198 2035 2302 idololatrarum,
2080 2232 2194 2308 qui·

586 2305 702 2364 bus
748 2304 1082 2364 Christiani
1114 2308 1176 2365 in
1220 2305 1292 2364 iis
1328 2305 1697 2381 Regionibus
1726 2304 1985 2382 subjecti
2020 2318 2153 2367 sunt
2176 2354 2197 2381 ,

587 2380 782 2441 aliave
802 2380 1050 2440 tandem
1067 2380 1143 2440 de
1165 2402 1344 2441 causa
1376 2383 1438 2439 id
1460 2384 1768 2458 evenerit3
1799 2382 2027 2443 frustra
2050 2394 2197 2443 certe

585 2457 839 2517 fuerunt
865 2458 1374 2517 Praedecessorum
1405 2454 1753 2517 nostrorum
1787 2458 2037 2519 consilia
2052 2472 2087 2533 ,⁴
2098 2481 2192 2537 pa-

587 2544 778 2593 ternae
821 2532 1311 2609 exhortationes,
1353 2544 1655 2611 praecepta
1714 2534 1999 2609 demum,
2038 2538 2193 2615 queis

586 2611 680 2670 usi
713 2621 890 2683 sunt,
935 2612 1215 2670 utinfimi
1242 2611 1423 2688 hujus
1456 2612 1691 2686 generis
1730 2612 2045 2672 hominum
2064 2634 2190 2672 con·

352 2723 557 2776 muiu-
585 2688 856 2748 versioni
887 2708 959 2745 ac
1001 2685 1180 2747 saluti
1220 2688 1618 2763 procurandae
1648 2729 1663 2757 ‚
1702 2698 2003 2764 quantum
2037 2700 2187 2766 opta-

285 2791 417 2841 mffi
475 2792 562 2841 30,
585 2774 840 2827 verant.
890 2761 1073 2839 plene
1099 2762 1527 2839 consulerent,
1573 2774 1757 2838 atque
1788 2764 2185 2841 providerent.

286 2858 404 2907 ciet.
440 2857 560 2908 ἔσω
657 2838 714 2917 3.
769 2836 864 2897 35.
894 2844 1050 2899 Cum
1080 2860 1229 2901 vero
1257 2851 1318 2900 et
1360 2845 1479 2901 Nos
1501 2883 1517 2911 ‚
1562 2840 1792 2901 Christi
1826 2844 2065 2901 Domini
2093 2843 2183 2901 do·

285 2938 468 2988 propo.
584 2916 929 2989 cumentiS,
955 2916 1589 2993 Praedecessorumque
1620 2921 1980 2985 Nostrorum
2012 2940 2182 2978 exem-

282 2990 564 3067 ῑψυξΡου-
584 2988 688 3065 plo
734 2994 1021 3063 excitati,
1078 2995 1254 3051 anxie
1301 2995 1703 3071 cogitaremus
1730 3038 1746 3067 ,
1788 3012 1921 3069 qua,
1972 2996 2185 3053 ratione

281 3054 411 3133 ufic·
475 3072 528 3108 ’θ
582 3064 734 3126 illud
771 3068 1019 3127 tandem
1074 3071 1272 3145 reipsa
1313 3072 1601 3148 consequi
1647 3089 1993 3145 possemus,
2038 3068 2181 3148 quod

279 3121 529 3239 “igqssffiu
581 3143 808 3203 eisdem
843 3143 1388 3207 Praedecessoribus
1421 3147 1653 3209 Nostris
1681 3157 2003 3225 tantopere
2030 3145 2178 3207 cordi

280 3204 445 3304 ,οἴω
491 3223 558 3306 ,ἑ
580 3218 736 3295 suit3
773 3232 1121 3297 opportune
1147 3223 1401 3297 accidit,
1448 3236 1520 3284 ut
1544 3224 1860 3284 Societatis
1901 3230 2039 3284 Jesu
2062 3224 2176 3283 Mis-

279 3272 863 3387 cspmgpxsionerii,
909 3318 1171 3375 quorum
1191 3299 1553 3361 villicationi
1596 3305 1944 3375 Regnorum
1992 3298 2170 3360 Madu-

282 3402 485 3436 κει-ιω
579 3388 807 3440 musis,
855 3379 1326 3448 Mayssu1·ensiS‚
1372 3388 1432 3437 et
1460 3378 1853 3437 Carnatensis
1896 3378 2171 3438 missiones

281 3466 476 3503 euram.
577 3446 956 3519 potissimum
997 3452 1361 3512 concreditae
1400 3464 1545 3513 sunt
1571 3498 1589 3529 ,
1630 3449 2163 3529 postqimmdecla-
