2434 3992
586 190 709 259 422
1091 183 1485 255 BENEmc'ri
1525 182 1701 255 XIV.

283 314 392 372 ΡΟ
411 330 448 369 ῃ
475 330 530 369 -r,
587 300 952 371 claratione,
972 300 1238 376 jussione
1266 345 1282 371 ,
1317 309 1427 358 aut
1454 301 1789 371 sententia,
1814 299 1880 357 in
1908 300 2208 377 Europam

321 385 394 439 A.
424 380 495 438 V.
589 386 1011 448 revertantur,
1065 374 1415 445 uberiores,
1463 386 1535 437 ut
1572 396 1923 453 speramuS,
1955 378 2022 437 in
2060 378 2212 439 hisce

588 454 866 515 Partibus
902 453 1139 513 fructus
1189 451 1471 511 relaturi.
1748 462 1757 473 ⁴
2173 501 2179 507 .

369 536 562 585 Recen·
663 529 718 610 §-
770 530 804 588 3
851 571 866 587 .
905 534 1162 589 Demum
1195 573 1211 603 ,
1260 530 1371 587 etsi
1406 531 1448 587 ii
1490 528 1855 589 Missionarii
1881 573 1899 603 ,
1939 531 2048 606 qui
2096 551 2212 590 mo·

289 598 780 677 ⁸⁸⁰²⁰¹·¹,fideran
827 627 891 665 as
928 626 1250 678 censuraS,
1292 604 1765 681 dispensandum
1803 625 1991 681 super
2035 607 2213 667 insuf-

291 670 568 745 !.¹’¹¹⁸!¹⁸.¹¹¹
590 682 907 757 flationum
929 725 945 756 ,
973 693 1034 741 et
1069 680 1279 743 Salivae
1312 686 1456 742 Ritu
1492 684 1555 740 in
1594 686 1987 741 Sacramento
2022 685 2217 760 Bapti⁴

291 736 570 851 ’Ψέἱωόἰ
591 762 799 821 smatis
821 758 1308 819 administrando
1330 800 1345 832 ‚
1366 774 1553 836 atque
1570 756 1900 817 articulum
1917 758 1995 817 de
2024 762 2219 820 Pareis

291 818 477 918 {3¹:53⁸ss
511 816 542 849 υ
591 836 1024 897 declarandum
1047 834 1519 911 postulaverunt
1542 876 1559 899 ,
1583 833 1671 893 nil
1685 833 2066 895 difficultatis
2084 856 2220 913 proes

293 898 518 1003 penest-⁹.
591 912 914 974 setulerint
982 913 1142 972 circa
1215 910 1333 970 alia
1394 913 1594 987 capita
1649 914 1889 970 Decreti
1948 915 2218 987 praedicti

294 1008 484 1051 nutes.
595 988 800 1048 Caroli
827 986 1078 1048 Thomae
1107 987 1455 1048 Cardinalis
1473 989 1815 1047 Tournonii
1836 1032 1851 1061 ,
1871 998 1935 1047 et
1962 996 2212 1065 Aposto-

592 1064 848 1125 licarum
886 1066 1226 1123 Literarnm
1272 1063 1603 1125 Clementis
1635 1071 1805 1142 Papae
1853 1067 2025 1139 XlL,
2072 1087 2212 1144 qua·

593 1164 730 1201 rum
799 1143 1042 1199 initium
1107 1140 1473 1217 Compertum
1497 1186 1515 1215 ‚
1570 1150 2046 1219 exploratumque
2070 1165 2098 1214 ,·
2148 1165 2219 1204 ex

593 1218 854 1278 aliorum
898 1216 1299 1277 nibilominus
1332 1220 1544 1277 Literis
1580 1218 1815 1293 ingenti
1857 1222 2071 1277 Nostro
2106 1220 2216 1281 do·

595 1294 725 1355 lore
763 1297 1104 1371 accepimus
1127 1340 1142 1365 ,
1186 1314 1256 1353 ex
1298 1295 1689 1353 Missionariis
1725 1292 1877 1353 alios
1915 1314 2069 1366 esse,
2108 1297 2218 1373 qui

594 1371 764 1431 nulla
823 1370 1033 1429 habita
1113 1371 1424 1430 interdicti
1482 1392 1517 1428 a
1582 1370 1839 1446 praefato
1906 1370 2223 1433 Cardinali

525 1494 532 1503 .
593 1450 950 1508 Tournonio
967 1445 1094 1518 lati,
1111 1444 1601 1522 amplissimeque
1615 1468 1651 1505 a
1668 1446 2107 1508 Praedecessore
2126 1471 2225 1509 no-

592 1534 720 1583 stro
757 1523 1103 1581 confirmati
1151 1524 1393 1581 ratione
1417 1567 1433 1592 ,
1476 1542 1549 1581 eo
1584 1542 1777 1599 usque
1822 1524 2221 1600 progrediun-

330 1620 566 1671 Gestatio
593 1610 699 1660 tur
727 1645 744 1673 ,
789 1610 857 1658 ut
899 1600 1263 1659 Christianis
1308 1596 1668 1659 Mulieribus
1710 1610 1947 1675 gestare
1972 1605 2225 1677 permit·

295 1686 504 1739 TALY.
595 1687 733 1736 tant
758 1675 982 1735 monile
1006 1674 1164 1736 collo
1182 1695 1539 1752 suspensum
1561 1717 1577 1748 ,
1596 1677 1899 1735 contracti
1938 1687 2224 1738 tesseram

487 1822 492 1831 Ι
595 1755 970 1814 Matrimonii
997 1753 1162 1829 quod
1191 1754 1473 1829 Regionis
1501 1750 1665 1812 illius
1696 1750 1902 1827 lingua
1942 1754 2087 1833 Ta&
2123 1755 2223 1815 de·

598 1832 981 1890 nominatum
1001 1877 1018 1902 ,
1039 1829 1294 1905 effigiem
1328 1828 1656 1906 quamdam
1692 1828 1879 1888 babet
1902 1829 2219 1891 informem

594 1906 754 1967 Idoli
791 1954 807 1978 ,
865 1906 1028 1982 quod
1073 1907 1347 1982 profanis
1393 1926 1606 1966 earum
1658 1908 1954 1964 Gentium
2000 1910 2221 1985 nuptiis

593 1985 919 2059 praesidere
983 1983 1227 2057 fertur3
1280 1984 1543 2058 ipsisque
1590 1982 1823 2061 pariter
1880 1978 2217 2058 Fidelibus,

595 2080 719 2135 quo
761 2070 1032 2135 tempore
1073 2057 1152 2115 ab
1191 2057 1312 2117 illis
1363 2060 1591 2136 nuptiae
1632 2058 2060 2133 celebrantur,
2089 2064 2217 2137 per·

363 2146 570 2198 Fractio
596 2136 844 2194 mittant
900 2134 1168 2193 fructum
1197 2180 1214 2210 ,
1276 2134 1462 2212 vulgo
1522 2135 1697 2192 Cocco
1760 2148 2216 2213 nuncupatum,

295 2216 477 2267 Cocco.
595 2212 875 2285 frangere
900 2252 918 2281 ‚
966 2211 1044 2269 ad
1081 2210 1198 2269 hoc
1238 2223 1311 2271 ut
1353 2212 1708 2272 futurorum
1750 2210 1897 2270 inde
1954 2215 2217 2291 auspicia

297 2327 436 2375 Dene
471 2325 576 2375 “30
594 2286 691 2349 vel
734 2287 930 2347 fausta
959 2330 976 2357 ,
1008 2286 1106 2351 vel
1145 2288 1409 2348 infausta
1451 2288 1822 2348 desumant:
1866 2286 2217 2349 Mulieribus

297 2343 559 2457 Ingrgsus
595 2364 839 2423 demum
863 2410 880 2438 ,
922 2384 1064 2423 cum
1092 2366 1400 2425 mensibus
1425 2365 1814 2435 detinentur,
1848 2366 2085 2442 Templi
2120 2387 2211 2426 ac·

296 2458 536 2511 Ecclesiae
595 2458 760 2500 cessu
779 2486 796 2514 ,
838 2451 900 2500 et
933 2439 1188 2500 salutari
1214 2442 1589 2501 Poenitentiae
1618 2444 2009 2502 Sacramento
2034 2445 2210 2503 inter-

298 2525 531 2576 Mulieri-
596 2517 822 2577 dicant.
841 2518 1249 2592 Quamobrem
1267 2521 1385 2577 Nos
1401 2520 1607 2578 animo
1626 2529 1984 2594 reputantes
1998 2563 2015 2591 ,
2036 2540 2211 2598 quam

238 2650 250 2660 ,
297 2594 392 2642 hus
435 2609 572 2671 ngen-
596 2597 675 2654 sit
709 2594 1110 2654 execrandum
1132 2640 1148 2667 ,
1182 2593 1462 2655 Mulieres
1499 2592 1661 2668 illas,
1698 2614 1831 2669 quae
1868 2594 1984 2653 sub
2008 2597 2210 2656 Crucis

297 2666 534 2713 ⁸¹⁸'u⁸²⁸⁸·
578 2667 816 2733 'vexillo
881 2670 1184 2746 militant,
1242 2682 1492 2731 ornatas
1532 2670 1818 2731 incedere
1872 2670 2209 2749 hujusmodi

597 2750 974 2825 insignibus»,
1075 2769 1163 2806 uae
1206 2758 1319 2807 aut
1370 2745 1797 2808 Idololatriam
1843 2748 2205 2824 importent,

597 2836 704 2885 aut
747 2825 822 2883 de
860 2768 1235 2884 Gentiiitatis
1282 2822 1716 2901 superstitione
1753 2836 2029 2902 suspecta
2054 2816 2205 2895 sint,

593 2910 782 2977 prout
815 2900 1004 2961 dubio
1042 2897 1260 2976 procul
1304 2912 1394 2961 est
1440 2910 1847 2961 memoratum
1895 2902 2067 2980 Taby,
2105 2920 2203 2960 ne·

596 2978 853 3037 cessario
876 2976 1133 3053 proinde
1165 2976 1526 3043 damnatum
1568 2999 1585 3037 :
1625 2996 1929 3055 quamque
1965 2977 2203 3041 Christi·

597 3052 804 3113 fideles
851 3053 1175 3128 dedeceat,
1220 3054 1407 3129 ritus,
1450 3055 1965 3132 caeremoniasque
2010 3054 2205 3131 sequi,

596 3128 694 3189 vel
719 3131 944 3189 imitari
967 3175 983 3203 ,
1009 3130 1317 3190 ethnicam
1336 3154 1404 3193 su
1486 3132 1831 3193 rstitionem
1852 3130 2203 3195 redolentes,

597 3226 718 3279 qua
769 3216 932 3266 certe
982 3228 1106 3266 non
1157 3218 1337 3269 vacat
1378 3209 1418 3269 il
1446 3232 1479 3269 a
1536 3208 1898 3284 nuptiarum
1945 3218 2205 3283 tempore
2262 3224 2273 3233 ·

597 3284 658 3339 in
708 3282 1007 3357 praedictis
1047 3284 1416 3360 Regionibus
1473 3286 1695 3345 usitata
1758 3286 1991 3360 praetati
2041 3284 2205 3341 θαι-ο

596 3356 900 3417 diffractio
925 3406 942 3433 ,
981 3380 1114 3435 quae
1157 3361 1382 3421 idcirco
1433 3370 1569 3440 jure
1614 3371 1678 3420 et
1728 3362 1950 3421 merito
1990 3358 2205 3438 pariter

597 3434 925 3509 reprobata
962 3435 1375 3515 dignoscitur3
1430 3458 1617 3517 quam
1671 3436 1937 3515 denique
1990 3444 2203 3516 justum

298 2960 440 3025 lique
453 2959 570 3009 dam

299 3032 509 3101 nantur-
