2434 3992
666 162 784 226 162
1193 150 1587 223 BENEmc‘n
1640 146 1815 223 ΧΠ.

361 282 600 341 Poxn

397 351 467 403 A.
492 346 599 403 IV.

660 306 976 353 munem-a
982 310 2074 360 mmmmmmuwsuoummivwwsn
2080 316 2278 349 unu-me

1158 394 1809 520 CONSTITUTIO

363 583 644 627 ¹⁴¹¹¹w¹¹⁸
662 598 894 663 Contra
945 597 1304 662 Homicidas
1356 620 1389 661 a
1432 596 1747 661 Clemente
1802 592 1953 659 XII.
1994 595 2157 659 edita
2190 616 2282 691 pro

751 682 1000 749 Ditione
1021 682 1255 748 sanctae
1274 682 1570 747 Romanae
1590 680 1877 746 Ecclesiae
1896 732 1913 761 ,
1962 680 2281 745 extenditur

749 768 826 833 ad
866 767 1002 833 loca
1045 768 1325 833 Dominii
1355 761 1743 855 Reipublicae
1780 758 2033 831 Lucanae
2064 814 2078 837 ‚
2128 767 2183 828 in
2210 762 2283 845 his

749 876 884 1002 quale
936 855 1246 1003 pertinent
1282 854 1361 919 ad
1388 853 1841 927 Immunitatem
1888 840 2281 940 personalem,

750 954 812 1003 et
886 962 994 1005 oca
1020 962 1141 1005 em.

837 1094 1537 1184 BENEDICTUS
1598 1050 1882 1180 ΡΑΡΑ
1916 1090 2153 1185 xlv.

989 1254 1103 1313 Ad
1123 1266 1480 1332 perpetuam
1512 1254 1599 1310 rei
1636 1254 2007 1309 memoriam.-

677 1333 918 1464 Anus
953 1403 1056 1465 fel.
1097 1424 1222 1464 rec.
1262 1404 1545 1465 Clemens
1588 1409 1695 1463 PP.
1734 1408 1871 1463 XII.
1913 1404 2289 1465 Praedeeessor

669 1484 886 1542 Noster
931 1502 1044 1558 per
1079 1502 1220 1541 suas
1254 1482 1371 1555 sub
1421 1468 1681 1541 flumbo
1714 1479 2025 1556 expeditas
2065 1479 2253 1540 literas
2274 1526 2287 1552 ‚

671 1575 890 1632 nempe
937 1578 1024 1619 tv.
1079 1555 1216 1617 Cal.
1265 1558 1587 1616 Februarii
1638 1578 1805 1618 anno
1862 1559 2289 1617 Incarnatiouis

403 1662 644 1714 Clemens
671 1632 1000 1694 Dominicae
1031 1637 1536 1696 MDCCXXXIV.
1566 1634 1963 1693 Pontificatus
1998 1636 2093 1693 sui
2135 1639 2290 1693 Anno

371 1725 492 1780 ΧΠ,
527 1742 648 1777 con·
671 1707 941 1782 Quinte,
970 1710 1050 1769 ad
1083 1710 1525 1787 compescenda
1546 1756 1562 1781 ‚
1614 1720 1677 1769 et
1708 1709 2050 1769 coercenda
2074 1754 2088 1777 ,
2134 1721 2293 1783 atque

373 1794 592 1845 firmatis
674 1784 754 1844 ab
780 1785 895 1844 hac
921 1784 1100 1846 Alma
1117 1787 1309 1858 Urbe,
1337 1797 1467 1845 tota
1560 1807 1591 1844 e
1617 1787 1679 1844 in
1715 1784 2039 1861 temporali
2066 1790 2124 1844 S.
2146 1792 2213 1845 R.
2234 1790 2288 1843 E.

372 1861 654 1912 Praedece⁸⁶
674 1860 909 1921 ditione
943 1860 1191 1939 penitus
1233 1807 1567 1923 avertenffi
1597 1872 1661 1921 et
1707 1859 2085 1927 eliminanda
2112 1863 2288 1923 Homi-

371 1942 648 2005 ⁸05¹¹¹S¹⁸⁸¹³
673 1939 866 2009 cidia,
907 1959 1042 2014 quae
1079 1960 1113 1996 a
1166 1937 1318 2001 viris
1356 1940 1719 2013 sanguinum
1745 1984 1761 2011 ‚
1816 1938 2043 2011 divini,
2096 1938 2289 1998 huma-

371 1994 652 2108 αόιῃῲξῇ
675 2017 862 2089 nique
888 2016 1040 2091 iuris
1087 2011 1325 2085 oblitis,
1367 2012 1712 2073 incredibili
1746 2036 1886 2073 cum
1938 2017 2291 2073 immanitate

371 2075 588 2176 &5¹21le
633 2158 648 2187 a
674 2094 734 2150 in
765 2092 893 2149 dies
920 2091 1108 2165 magis
1133 2090 1949 2166 magisqueincrebreseente
1968 2135 1982 2155 ,
2002 2092 2291 2176 saepissime

373 2193 651 2257 ,mmmm
672 2170 947 2243 patrari',
999 2186 1123 2225 non
1163 2168 1295 2226 sine
1328 2165 1683 2241 gravissimo
1727 2164 1969 2243 paterni
2000 2168 2181 2225 animi
2217 2184 2291 2224 sm

375 2258 530 2309 infr..
674 2243 889 2303 dolore
910 2263 980 2302 ac
1002 2262 1267 2302 moerore
1286 2286 1299 2309 ‚
1325 2243 1715 2303 inaudiverat
1733 2266 1749 2317 3
1764 2245 2261 2303 Constitutionem
2276 2286 2288 2309 ‚

675 2341 808 2397 quae
839 2322 1057 2395 incipit
1090 2341 1110 2379 z
1137 2319 1214 2374 In
1240 2320 1519 2393 Supremo
1546 2320 1806 2377 Jascitioe
1832 2320 1987 2377 Solio
2008 2365 2025 2389 ‚
2050 2315 2288 2395 promul·

673 2398 876 2473 gavit,
929 2397 990 2454 in
1047 2414 1208 2471 qua,
1260 2406 1587 2472 postquam
1646 2416 1893 2467 omnes,
1947 2406 2009 2453 et
2058 2392 2293 2470 singulas

677 2472 1158 2532 constitutiones
1197 2492 1233 2529 a
1288 2469 1393 2529 fel.
1439 2472 1653 2529 itidem
1694 2492 1817 2529 rec.
1876 2474 1982 2529 Pio
2018 2476 2100 2530 II.
2135 2465 2291 2529 Paulo

677 2554 760 2607 II.
800 2549 965 2606 Sixto
1016 2552 1128 2608 IV.-
1163 2546 1329 2606 Julio
1368 2552 1453 2605 II.
1501 2552 1701 2607 Leone
1744 2553 1824 2607 X.
1862 2544 2031 2605 Julio
2068 2552 2173 2605 III.
2208 2544 2289 2603 Pio

676 2630 787 2685 IV.
829 2626 932 2683 Pio
981 2628 1060 2684 V.
1105 2624 1405 2697 Gregorio
1457 2627 1627 2684 XIII.
1670 2625 1835 2683 Sixto
1894 2626 1973 2683 V.
2024 2621 2290 2697 Gregorio

679 2705 846 2761 XIV.
876 2698 1194 2760 Clemente
1220 2704 1390 2759 VIII.
1413 2702 1779 2760 Innocentio
1814 2704 1923 2758 XI.
1955 2698 2290 2758 Innocentio

677 2770 820 2837 XII.
870 2775 1313 2849 ac‚Bened³cto
1346 2780 1519 2834 XIII.
1565 2787 1627 2835 et
1658 2776 1980 2853 quibusvis
2020 2774 2145 2835 aliis
2194 2778 2289 2831 Ro·

681 2855 877 2911 manis
919 2850 1319 2910 Pontificibus
1360 2851 1907 2911 Praedeeessoribus
1942 2854 2168 2927 pariter
2194 2852 2289 2907 No·

680 2931 822 2989 stris
841 2974 856 2997 ‚
879 2939 1027 2987 tunc
1051 2929 1173 2986 suis
1193 2973 1210 3000 ‚
1238 2928 1528 2991 adversus
1552 2928 1899 2989 Homicidas
1924 2926 2291 2987 saluberrime

681 3006 874 3065 editas
921 3003 1321 3079 approbavit,
1364 3005 1789 3077 confirmavit,
1840 3016 1903 3063 et
1957 3004 2289 3069 innovavit,

681 3081 939 3158 illasque
973 3080 1267 3142 adversus
1313 3100 1762 3157 quemcumque
1796 3100 1919 3139 non
1962 3102 2167 3151 usum,
2205 3096 2290 3135 seu

679 3159 1059 3217 contrarium
1109 3178 1324 3229 usum,
1368 3158 1473 3235 qui
1513 3160 1731 3233 quovis
1760 3156 1945 3217 modo
1980 3152 2289 3234 praetendi,

680 3233 778 3293 vel
808 3233 1053 3308 allegari
1079 3237 1404 3310 potuisset,
1434 3235 1732 3300 restituit,
1771 3244 1833 3293 et
1856 3232 2127 3309 plenarie
2153 3232 2288 3289 rein·

681 3313 985 3384 tegi-avit.
1027 3331 1177 3387 quas
1221 3312 1505 3386 deinceps
1545 3312 1835 3380 omniun,
1884 3320 1948 3369 et
1995 3304 2289 3371 inviolabi-

681 3383 824 3443 liter
887 3386 1201 3448 observari
1267 3388 1555 3463 praecepit
1585 3432 1601 3460 ,
1662 3398 1725 3449 et
1788 3385 2143 3459 mandavit3
2212 3384 2295 3441 in·
