2434 3992
642 162 767 229 280
876 119 881 125 ἡ
1176 160 1567 227 Beunmcn
1611 158 1785 225 XIV.

376 284 515 335 Ροιι
538 298 585 333 τ.
639 269 943 347 praedictis
982 266 1222 331 casibus
1255 286 1371 343 per.
1409 266 1599 331 alium
1644 270 2210 331 visitare.teneatut·
2233 314 2250 344 ,

408 350 589 401 AJV·
644 348 901 407 nimium
940 344 1220 419 profecto
1253 344 1500 407 videtur
1533 344 1696 405 illius
1729 346 2018 421 dignitati
2055 352 2250 425 preju-

641 424 871 487 dicium
912 421 1163 481 inferre.
1201 420 1588 495 Proindeque
1627 423 2050 497 supradictam
2089 428 2256 483 Reso-

641 499 939 560 lutionem
974 500 1058 559 ita
1082 497 1442 573 corrigetis3
1469 509 1572 571 ut,
1596 498 1701 557 ubi
1731 500 1794 557 in
1821 499 2253 577 casibus'supra

640 576 931 653 expressis
964 576 1314 649 visitationi
1349 574 2068 637 Proto-Archimandritae
2109 575 2254 636 locus

638 655 763 722 sit,
806 651 998 727 possit
1038 650 1374 712 idemsive
1419 671 1533 726 per
1569 670 1676 725 se,
1738 653 1871 711 sive
1913 672 2028 727 per
2087 652 2253 713 alium

640 730 913 789 visitare.
1461 766 1488 775 --
1657 764 1662 777 ·

422 834 615 884 Vouu,
716 801 775 881 §.
817 823 914 881 27.
956 806 1029 863 In
1064 802 1286 862 eisdem
1311 801 1560 867 demum
1593 804 2156 864 constitutionibus
2171 826 2250 865 ca·

342 900 477 949 unm
526 915 613 948 nu.
643 876 997 955 pitulariter
1038 902 1072 939 a
1127 880 1320 941 Vobis
1363 882 1614 942 sancitis
1647 922 1659 943 ‚
1701 880 1780 939 de
1823 882 1896 939 iis
1937 882 2253 951 etiam,-ut

343 982 515 1021 merus
536 982 629 1034 pro
646 974 759 1031 par
798 966 966 1029 erat,
994 956 1326 1027 decernere
1355 976 1479 1015 non
1514 957 1832 1030 omisistis,
1864 977 2128 1034 quorum
2147 958 2248 1017 suf·

339 1031 512 1097 (hvil-
646 1032 851 1110 fragiis
904 1044 1037 1093 tum
1076 1032 1852 1105 „Proto-Archimandr‘rta‚
1905 1044 2039 1093 tum
2090 1035 2252 1093 etiam

342 1101 475 1176 ΩΨ·
501 1116 621 1166 1³¹⁸·
646 1106 1055 1170 Provinciales
1088 1154 1105 1181 ,
1162 1108 1563 1169 consultores
1591 1152 1605 1175 ,
1653 1120 1716 1168 et
1764 1111 2088 1171 Secretarii
2132 1108 2253 1185 eligi

343 1165 549 1223 fiuntur.
643 1184 894 1247 debent.
942 1190 1177 1247 Verum
1212 1187 1330 1245 nisi
1368 1185 1828 1261 inhuiusmodi
1877 1185 2252 1245 electionibus

644 1283 937 1325 numen-,us
976 1281 1227 1333 eorum,
1253 1262 1360 1337 qui
1401 1261 1760 1337 suffragium
1805 1262 1973 1322 ferre
2009 1263 2250 1336 debent,

640 1349 987 1410 statuatur,
1020 1349 1090 1398 ut
1128 1338 1384 1399 totidem
1422 1339 1547 1397 sint
1584 1359 1656 1397 ex
1683 1340 2002 1399 Provincia
2033 1339 2248 1399 Lithua·

642 1417 777 1478 nica
805 1460 822 1489 ,
864 1423 1019 1491 quot
1062 1425 1250 1477 erunt
1292 1434 1366 1474 ex
1405 1412 1536 1473 alia'
1575 1416 1900 1475 Provincia
1951 1414 2248 1489 Palania,

639 1494 767 1553 sive
793 1537 810 1565 ,
844 1510 973 1550 uno
999 1490 1193 1551 verbo
1210 1534 1229 1563 ,
1257 1491 1372 1549 nisi
1409 1490 1573 1551 inter
1600 1492 1920 1567 utriusque
1945 1494 2251 1553 Provincia

640 1566 896 1629 Vocales
936 1564 1250 1643 {equalitas
1275 1567 1728 1643 constituatur3
1757 1587 2078 1643 nunquam
2111 1579 2252 1629 recte

638 1644 967 1704 subsistere
983 1646 1213 1719 poterit
1239 1642 1608 1704 alter-nativa
1637 1645 1698 1701 in
1730 1642 2044 1706 Electione
2070 1652 2248 1705 Proto·

638 1720 1153 1783 Archimandritoe
1178 1764 1189 1784 ‚
1216 1718 1604 1795 aliorumque
1635 1720 1998 1781 inferiorum
2035 1722 2248 1782 Officia·

640 1796 791 1857 llum
834 1819 868 1856 a
913 1797 1103 1857 Vobis
1146 1798 1454 1856 instituta.
1503 1802 1896 1872 Quapropter.
1938 1820 2121 1875 super
2155 1799 2248 1858 hu·

638 1873 902 1951 iusmodi
934 1875 1298 1934 Votautium
1329 1892 1586 1935 numero
1627 1876 1712 1931 ita
1735 1874 2157 1950 decernimus3
2187 1886 2248 1933 ut

644 1952 709 2009 in
768 1948 1071 2023 Capitulis
1132 1948 1586 2020 Generalibus,
1633 1950 1884 2025 quando
1948 1954 2147 2027 agitur
2187 1952 2252 2011 de

637 2024 949 2086 Electione
960 2030 1222 2084 Proto-A
1235 2024 1690 2085 rebimandritae
1708 2071 1726 2096 ‚
1741 2026 2100 2102 suffragium
2117 2029 2252 2100 ferre

638 2100 942 2174 debeant,
975 2112 1199 2177 praeter
1229 2101 1768 2178 Metropolitanum
1799 2103 2092 2180 Capitulo
2123 2124 2250 2180 prae-

640 2178 936 2237 sidentem
968 2219 987 2248 ‚
1042 2174 1486 2250 consultores,
1533 2180 1856 2238 Secretarii
1911 2180 2250 2252 Generales,

640 2251 1083 2326 Provinciales,
1118 2265 1304 2331 atque
1327 2253 1433 2313 alii
1467 2254 1874 2330 quadraginta
1901 2257 2178 2317 Monachi
2195 2278 2254 2315 ex
2364 2254 2365 2259 '

638 2351 799 2397 una,
846 2330 1230 2408 totidemque
1265 2351 1335 2389 ex
1367 2329 1484 2389 alia
1521 2332 1837 2391 Provincia
1869 2332 2166 2407 designati
2199 2343 2254 2393 et
2362 2400 2363 2415 ξ

639 2404 817 2467 electi
839 2429 857 2483 3
876 2407 1185 2484 iidemque
1204 2428 1416 2467 omnes
1444 2426 1652 2467 vocem
1679 2410 1947 2469 activam
1969 2410 2224 2469 habeant
2240 2452 2256 2479 ‚

638 2482 750 2545 ubi
794 2486 1001 2559 agitur
1022 2484 1101 2543 de
1129 2482 1496 2545 officialium
1529 2484 1893 2545 inferiorum
1929 2485 2252 2557 electione,
2359 2552 2361 2555 Α

640 2560 855 2620 addi-to
896 2559 1125 2621 eisdem
1168 2560 1930 2637 Proto-Archimandritae,
1981 2565 2090 2641 qui
2143 2569 2254 2641 jam
2359 2566 2361 2593 ³

640 2636 871 2697 electus
911 2637 1098 2697 fuerit
1126 2678 1142 2706 ,
1178 2636 1493 2711 suffragio.

340 2724 345 2727 '
425 2723 615 2773 zetum
714 2712 770 2789 S.
814 2710 912 2771 28.
952 2716 1109 2789 Quia
1160 2733 1310 2773 vero
1363 2712 1635 2773 delectus
1685 2732 1942 2787 eorum,
1997 2736 2146 2793 quos
2195 2733 2252 2773 ex
2357 2732 2359 2735 ⁴

341 2790 573 2867 delpetus
642 2799 909 2865 utraque
952 2790 1271 2851 Provincia
1313 2791 1536 2851 assumi
1573 2793 1943 2863 conveniat,
1995 2796 2058 2851 in
2101 2802 2250 2851 tanta

344 2867 595 2905 ¹¹³¹⁰¹¹⁸¹¹³
640 2884 851 2925 rerum
870 2908 886 2935 ‚
916 2875 979 2925 et
1002 2864 1280 2923 locorum
1311 2866 1602 2925 distantia
1627 2911 1643 2938 ,
1683 2886 2080 2941 nequaquam
2111 2877 2251 2927 recte

343 2928 573 2999 ⁸²⁸²⁰⁸f⁶
601 2954 618 2987 ²
642 2941 860 3001 baberi
888 2982 907 3011 ,
977 2961 1085 3001 seu
1140 2941 1382 2999 definiri
1447 2962 1632 3018 posse,
1689 2944 1980 3015 videtui-3
2039 2944 2246 3003 Idcirco

342 2995 622 3105 {ssfffmff-t'i·
644 3018 1005 3079 mandamus
1018 3015 1372 3083 Venerabili
1399 3020 1599 3079 Fratri
1631 3020 1934 3093 Episcopo
1953 3017 2242 3095 Zenopoli-

340 3135 495 3187 ,0090
522 3073 619 3172 cpe-
644 3104 791 3153 tauo
813 3140 829 3169 ‚
873 3094 950 3153 de
979 3099 1152 3170 cujus
1198 3092 1328 3159 zelo
1367 3104 1430 3153 et
1459 3094 1790 3171 prudentia
1838 3094 2168 3171 plurimum
2189 3094 2240 3149 in

340 3176 546 3253 '209015-
639 3172 907 3229 Domino
940 3171 1308 3229 confidimus
1333 3214 1350 3239 ,
1383 3180 1452 3229 ut
1499 3192 1620 3235 una
1659 3191 1805 3241 cum
1847 3168 2237 3230 Proto-Archi-

343 3262 480 3304 tnno.
640 3248 949 3313 mandrita
971 3292 989 3321 ,
1007 3245 1490 3310 Provincialibus
1511 3293 1528 3319 ‚
1555 3258 1618 3305 et
1653 3246 2124 3309 consultoribus
2139 3257 2238 3305 tam

640 3322 1049 3389 Generalibus
1075 3370 1091 3396 ‚
1132 3344 1316 3399 quam
1354 3321 1872 3395 provincialibus,
1915 3334 2056 3399 agat
2083 3332 2238 3408 atque

639 3398 975 3477 expendat,
1036 3420 1157 3476 qua
1201 3402 1586 3478 potissimum
1634 3402 1738 3463 via
1767 3400 1868 3490 vad
1922 3394 2238 3479 hujusmodi
