2434 3992
366 282 573 337 Pomm

639 160 757 225 146
1181 156 1578 221 BENEmc‘rl
1621 151 1797 219 XIV.

631 270 1021 347 praesentium
1039 264 1320 325 conferre
1336 267 1468 324 visa
1483 264 1640 323 fueri
1651 274 1718 324 nt
1733 309 1748 334 ‚
1763 260 2059 339 peragere
2077 286 2094 339 ς
2113 284 2187 323 ac
2203 263 2284 323 ul.

383 351 450 401 A.
470 348 564 401 Iv-
632 347 823 405 terius
844 343 1288 417 Depositarium
1305 388 1320 413 ‚
1335 344 1858 401 Ratiocinatorem
1876 385 1892 412 ‚
1909 339 2190 417 aliosque
2207 343 2280 399 si-

393 758 617 819 1)eroga÷

633 420 805 482 miles
838 416 1143 480 Officiales
1164 462 1179 489 ,
1215 418 1295 477 de
1321 415 1577 477 consilio
1603 428 1808 476 tamen
1832 462 1846 489 ,
1883 436 1953 475 ac
1981 436 2282 477 consensu

634 498 835 574 Magni
857 496 1124 571 Magistri
1138 513 1255 570 pro
1275 505 1552 570 tempore
1569 492 1973 568 designandos
1995 540 2010 565 ‚
2035 492 2284 569 seligere

636 594 882 654 quoque
900 573 1091 649 possit
1110 616 1126 643 ‚
1142 582 1205 629 et
1221 570 1425 631 valeat
1444 617 1460 646 ,
1483 570 1694 629 eadem
1707 568 2063 645 Apostolica
2079 582 2281 631 aucto·

638 654 822 711 ritate
860 648 1327 720 constituimu5‚
1366 660 1428 709 et
1466 645 1854 723 deputamus.

716 724 773 805 S.
823 724 912 783 15.
948 729 1081 784 Non
1110 723 1502 783 obstantibus
1530 728 1779 795 Nostra,
1803 732 1866 781 et
1892 719 2285 780 Cancellariae

342 831 432 873 tur
492 836 619 873 con·
640 800 1005 878 Apostolicae
1032 798 1244 876 regula
1265 799 1344 859 de
1367 820 1491 859 non
1523 798 1930 863 concedendis
1958 797 2284 876 Indulgen-
2331 858 2346 861 ,

344 889 540 942 trariis.

642 882 745 938 tiis
794 878 874 937 ad
928 880 1160 949 instar,
1196 875 1450 957 aliisque
1497 879 1684 935 etiam
1732 879 1796 935 in
1836 872 2246 949 synodalibus
2271 920 2284 945 ‚

643 953 1159 1026 Provincialibus,
1221 950 1626 1012 Generalibus
1653 996 1668 1023 ,
1705 949 2287 1027 Universalibusque

647 1030 936 1093 Consiliis
954 1030 1149 1101 editis,
1168 1027 1268 1087 vel
1281 1028 1532 1088 edendis
1547 1074 1563 1099 ,
1577 1028 1940 1105 specialibus
1961 1072 1977 1101 ,
1998 1026 2100 1085 vel
2115 1046 2283 1103 gene·

648 1107 882 1171 ralibus
897 1105 1460 1167 constitutionibus
1477 1151 1493 1176 ‚
1518 1113 1581 1163 et
1608 1102 2132 1164 Ordinationibus
2146 1104 2288 1179 Apo,

648 1183 894 1256 stolicis,
912 1194 972 1242 et
1032 1181 1305 1243 uibusvis
1321 1181 1818 1261 suspensionibus
1833 1226 1849 1251 ,
1863 1200 1969 1239 seu
1988 1178 2290 1239 limitatio·

650 1261 833 1321 nibus
858 1261 997 1319 simi
1025 1262 1154 1334 ium
1178 1260 1638 1317 concessionum
1661 1302 1677 1329 ‚
1711 1267 1773 1315 et
1797 1256 2160 1315 facultatum
2188 1277 2288 1332 per

650 1342 807 1407 NoS,
846 1346 909 1393 et
946 1335 1159 1393 Sedem
1194 1334 1551 1409 praedictam
1581 1331 2046 1410 quomodolibet
2081 1333 2251 1392 factis
2274 1374 2287 1400 ‚

654 1432 896 1471 necnon
916 1412 1091 1469 dictae
1110 1410 1370 1482 Militiae,
1387 1412 1572 1468 etiam
1593 1416 1963 1485 juramento,
1983 1410 2290 1468 confirma-

656 1490 824 1547 tione
856 1484 1205 1563 Apostolica
1223 1532 1239 1559 ‚
1265 1484 1366 1547 vel
1391 1488 1607 1562 quavis
1631 1486 1922 1545 firmitate
1955 1485 2076 1545 alia
2117 1485 2286 1545 robo-

656 1565 807 1623 ratis
836 1607 852 1633 ‚
894 1564 1178 1635 statutis,
1237 1571 1300 1620 et
1333 1561 1913 1634 consuetudinibus,
1959 1564 2144 1621 etiam
2185 1566 2288 1619 im·

658 1637 1193 1711 memorabilibus,
1237 1636 1667 1697 stabilimentis
1691 1684 1707 1709 ,
1741 1638 1952 1697 usibus
1973 1683 1990 1705 ,
2018 1648 2084 1697 et·
2123 1649 2290 1697 natu-

659 1717 778 1788 ris,
820 1734 889 1773 ac
918 1714 1416 1774 ordinationibus
1443 1712 1934 1791 capitularibus,
1968 1713 2292 1789 P'rivilegiis

660 1810 943 1870 quoque,
991 1789 1258 1851 Indultis
1285 1836 1301 1863 ‚
1343 1801 1405 1849 et
1438 1793 1653 1850 Literis
1693 1790 2059 1866 Apostolicis
2106 1791 2291 1850 eidem

661 1866 928 1940 Militiae,
968 1874 1223 1945 ejusque
1249 1873 1466 1943 Magno
1499 1870 1815 1943 Magistro,
1853 1888 2094 1927 necnon
2121 1869 2291 1927 etiam

664 1947 1052 2016 conventui,
1090 1956 1151 2005 et
1184 1944 1510 2003 Fratribus
1540 1943 1862 2015 Militibus,
1887 1964 1960 2004 ac
1989 1943 2291 2019 quibusvis

664 2018 918 2079 illorum
948 2023 1224 2097 personis
1243 2066 1258 2091 ‚
1281 2019 1398 2079 sub
1432 2019 1920 2101 quibuscumque
1953 2019 2289 2089 tenoribus,

668 2105 732 2156 et
745 2096 975 2167 formis,
992 2118 1065 2155 ac
1082 2118 1222 2157 cum
1239 2097 1556 2173 quibusvis
1571 2098 1759 2155 etiam
1777 2096 2291 2175 derogatoriarum

670 2172 1073 2248 derogatoriis
1091 2218 1108 2243 ,
1158 2171 1414 2249 aliisque
1451 2170 1890 2233 efficacioribus
1913 2216 1930 2244 ,
1973 2172 2290 2233 efficacissi-

669 2250 789 2308 mis
806 2288 820 2315 ‚
846 2259 909 2307 et
935 2246 1194 2309 insolitis
1214 2247 1521 2309 Clausulis
1537 2294 1553 2320 ,
1575 2270 1646 2308 ac
1669 2251 1856 2309 etiam
1882 2250 2290 2320 irritantibus,
2385 2266 2387 2275 *

672 2334 736 2383 et
766 2323 911 2384 aliis
952 2324 1213 2388 decretis
1240 2330 1305 2384 in
1339 2344 1592 2401 genere,
1619 2324 1718 2390 vel
1755 2327 1819 2385 in
1856 2328 2055 2403 specie
2074 2372 2089 2398 ,
2121 2328 2291 2385 etiam

672 2411 849 2459 motu
878 2402 1135 2478 proprio
1156 2444 1169 2468 ‚
1221 2422 1294 2459 ac
1327 2400 1476 2461 alias
1507 2402 1574 2461 in
1605 2404 1990 2462 contrarium
2039 2404 2290 2479 praemis,

674 2495 884 2535 sorum
928 2475 1394 2553 quomodolibet
1429 2480 1766 2557 concessis,
1811 2479 2162 2556 approbatis
2183 2523 2200 2549 ,
2239 2488 2294 2535 et

675 2554 1027 2629 innovatis3
1058 2553 1294 2628 Quibus
1311 2553 1598 2617 omnibus
1617 2596 1631 2623 ‚
1660 2563 1724 2613 et
1757 2554 2009 2631 singulis
2029 2602 2044 2627 ‚
2073 2556 2293 2615 etiamsi

676 2626 756 2687 de
792 2626 951 2702 illis,
996 2650 1336 2707 eorumque
1383 2632 1530 2689 totis
1577 2630 1932 2704 tenoribus,
1979 2629 2244 2708 specialis
2279 2672 2292 2699 ,
2382 2676 2383 2681 1

677 2705 988 2781 specifica,
1035 2726 1344 2782 expressa,
1385 2717 1452 2765 et
1495 2706 1844 2780 individua,
1889 2728 1960 2767 ac
2013 2708 2089 2767 de
2120 2705 2292 2767 verbo

680 2780 759 2839 ad
799 2780 1095 2853 verbum,
1138 2800 1266 2840 non
1297 2793 1502 2841 autem
1521 2803 1632 2859 per
1654 2782 1973 2843 Clausulas
2005 2781 2293 2861 generales
2380 2842 2381 2845 ,

678 2856 843 2917 idem
878 2859 961 2915 im
1010 2867 1318 2932 ortantes,
1351 2862 1580 2918 mentio
1601 2904 1616 2930 ,
1660 2880 1766 2919 seu
1801 2862 2030 2939 quaevis
2061 2859 2173 2919 alia
2209 2879 2291 2917 ex·

674 2934 911 3010 ⁴pressio
966 2933 1262 3008 acienda,
1313 2945 1376 2994 et
1426 2934 1748 3009 habenda,
1793 2932 1906 3001 aut
1949 2935 2149 3013 aliqua
2187 2934 2293 2993 alia

680 3011 977 3087 exquisita
1007 3010 1208 3070 forma
1253 3009 1332 3070 ad
1366 3010 1484 3071 hoc
1517 3012 1819 3073 servanda
1853 3012 2052 3077 foret,
2098 3032 2292 3072 eorum
2378 3034 2379 3037 ¹

682 3096 927 3145 tenores
964 3085 1191 3145 eisdem
1227 3088 1628 3163 praesentibus
1663 3092 1848 3149 etiam
1878 3110 1994 3167 pro
2009 3088 2214 3167 plene,
2241 3098 2294 3145 et

684 3161 1055 3222 sufficienter
1086 3167 1376 3240 expressis
1407 3165 1706 3225 habentes
1750 3164 1870 3225 illis
1915 3165 2063 3227 alias
2098 3167 2158 3224 in
2195 3184 2292 3224 suo
2376 3216 2377 3223 ,

687 3237 909 3298 robore
926 3243 1341 3315 permansuris
1360 3287 1375 3313 ‚
1402 3240 1696 3301 latissime
1717 3284 1734 3308 ,
1771 3253 1832 3301 et
1848 3242 2185 3332 plenissime
2203 3287 2217 3311 ,
2233 3260 2290 3297 ac

687 3313 1056 3389 specialiter,
1095 3327 1157 3376 et
1186 3337 1462 3394 expresse
1503 3317 1724 3377 harum
1745 3339 1899 3378 serie
1913 3319 2290 3395 derogamus,

690 3393 1040 3469 caeterisque
1077 3396 1404 3455 contrariis
1447 3394 1956 3472 quibuscumque.
