2434 3992
732 143 1181 211 sumamma.
1673 168 1790 234 109

203 256 267 316 lio
286 302 305 329 ,
328 266 385 315 et
398 253 603 314 altiori
630 254 861 330 pietate
893 252 1324 315 commiseram
1343 303 1358 329 ‚
1403 276 1542 316 cum
1564 304 1580 331 ‚
1610 259 1790 319 adve-
1851 268 1892 317 Α
1925 282 1952 315 ιι
1977 281 2006 313 1«
2029 281 2058 312 ο
2121 326 2132 334 ¹

202 336 373 394 niente
420 344 769 407 temporum
820 330 1205 407 plenitudine
1240 378 1256 405 ‚
1313 334 1666 395 sedentibus
1729 337 1794 394 in
1891 330 2036 401 1743·

202 410 469 474 tenebris,
526 418 589 467 et
654 407 1115 467 ambulantibus
1176 413 1241 468 in
1311 410 1532 469 umbra
1581 408 1799 471 mortis

201 484 531 562 Evangelicae
584 484 755 543 Fidei
794 483 990 543 lucem
1034 484 1350 545 effundere
1393 486 1798 561 decrevisset,

200 569 503 623 Romanum
536 564 907 637 praeparavit
941 565 1278 635 Imperium
1299 606 1314 630 ‚
1355 573 1428 621 ut
1460 566 1800 641 promptio-

203 660 279 699 res
314 640 383 699 ad
427 658 641 697 omnes
695 636 951 712 Populos
988 638 1335 711 praedicatio
1379 642 1656 699 veritatis
1691 639 1798 699 ha-

202 716 343 775 beret
378 733 687 781 accessus,
721 734 875 789 quos
907 715 1093 773 unius
1137 715 1422 779 Civitatis
1463 715 1803 777 dominatio

202 795 441 851 sociaret.
480 788 811 849 Imbuendi
836 801 1043 849 autem
1069 790 1398 865 Evangelio
1431 792 1642 851 Mundi
1663 810 1802 868 par·

204 869 373 939 tibus,
414 878 665 942 accepta
706 867 1147 942 perspiritum
1194 871 1486 926 Sanctum
1529 871 1806 928 omnium

204 944 477 1005 locutione
502 942 889 1018 linguarum.
918 941 1241 1001 duodecim
1274 943 1580 1019 Apostolis
1603 944 1804 1004 distri-

206 1022 369 1093 butis,
436 1020 821 1079 Beatissimus
870 1023 1082 1079 Petrus
1135 1022 1420 1095 Princeps
1476 1020 1810 1097 Apostolici

210 1097 421 1169 Ordinis
450 1097 529 1155 ad
547 1101 769 1155 Arcem
790 1098 1055 1153 Romani
1074 1095 1420 1155 destinatur
1439 1099 1723 1173 Imperii,
1739 1107 1812 1156 ut

210 1196 264 1233 ea
284 1184 446 1250 capta
466 1218 483 1247 ‚
510 1183 577 1231 et
610 1174 675 1230 in
698 1171 1057 1247 obsequium
1086 1172 1257 1231 Fidei
1275 1173 1600 1249 subjugata
1622 1215 1638 1243 ,
1665 1173 1810 1236 faei-

208 1250 303 1309 lius
338 1252 659 1311 universus
694 1248 881 1307 Orbis
922 1248 1255 1309 humilitati
1291 1252 1506 1309 Crucis
1551 1248 1816 1326 superba

209 1324 335 1397 colla
362 1327 776 1387 submitteret.
816 1323 913 1383 Ad
950 1324 1109 1383 hanc
1154 1335 1367 1401 postea
1411 1324 1816 1403 coapostolus

210 1411 313 1480 ejus
357 1401 612 1475 Paulus,
650 1399 785 1459 aliis
824 1403 1159 1475 peragratis
1210 1404 1578 1478 provinciiS,
1631 1402 1814 1462 adve-

210 1484 385 1553 niens,
423 1479 641 1538 labore
676 1522 693 1551 ,
732 1487 796 1535 et
838 1479 1068 1537 meritis
1119 1476 1207 1536 illi
1249 1481 1632 1539 consociatus
1680 1490 1774 1537 est
1799 1524 1814 1551 ‚

209 1568 269 1617 ut
293 1560 477 1615 Roma
516 1564 836 1613 tantorum
879 1552 1315 1629 Apostolorum
1375 1554 1590 1615 edocta
1631 1557 1816 1631 Magi.

211 1636 369 1693 sterio
396 1679 415 1706 ,
456 1652 595 1709 quae
636 1631 1084 1705 superstitionis
1123 1630 1330 1689 studio
1353 1632 1643 1705 profanos
1687 1652 1821 1691 om-

214 1712 359 1769 nium
398 1710 677 1785 gentium
708 1705 949 1778 cultuS,
977 1716 1162 1782 atque
1196 1726 1436 1765 errores
1474 1717 1820 1782 receperat,

212 1788 460 1845 veritatis
478 1803 717 1850 amore,
746 1794 969 1841 sanctae
994 1793 1180 1858 atque
1210 1780 1613 1842 immaculatae
1643 1786 1826 1843 unius

216 1864 306 1941 Dei
336 1860 665 1937 Religionis
696 1858 873 1917 Sedes
910 1859 1221 1919 evaderet.
1831 1892 1836 1898 ·

276 1937 426 2016 §.-1.
467 1940 581 1997 Isti
628 1937 793 1995 enim
836 1946 982 1995 sunt
1018 1940 1308 1995 Romanae
1350 1935 1534 1995 Urbis
1581 1940 1788 1995 Patres
1809 1942 2118 2009 ‚Quantum

220 2016 446 2090 verique
480 2012 880 2083 conditores,
918 2013 1023 2087 qui
1062 2033 1195 2072 eam
1219 2014 1440 2089 Regnis
1465 2010 1828 2072 Coelestibus
1849 2008 2034 2067 debeat.
2051 2006 2128 2055 ΒΟ

222 2090 661 2151 adscribendam
695 2086 1049 2165 melioribus
1083 2092 1364 2165 auspiciis
1385 2135 1401 2162 ‚
1456 2101 1518 2149 et
1549 2090 1826 2150 fortuna-
1853 2089 2003 2125 '³⁸¹¹’
2043 2138 2076 2151 ..

221 2166 455 2227 tioribus
492 2166 724 2236 initiis,
762 2164 1209 2241 condiderunt3
1249 2187 1376 2226 non
1412 2164 1535 2239 illi,
1565 2142 1992 2258 quorum-gez?
2009 2155 2130 2253 1322]

222 2244 477 2303 manibus
513 2251 773 2318 cognato
806 2244 1100 2318 sanguine
1146 2240 1420 2318 pollutis·
1443 2246 1643 2317 prima
1681 2264 1826 2302 moe-
1855 2274 1924 2325 tis
1991 2272 2132 2338 Apo,

224 2322 375 2379 nium
420 2319 824 2379 fundamenta
869 2316 1069 2379 locata
1124 2329 1273 2377 sunt
1302 2362 1318 2389 ‚
1383 2338 1418 2375 e
1469 2318 1693 2395 quibus
1741 2321 1831 2392 is,
1857 2338 2029 2393 stolis.

226 2398 317 2471 qui
364 2398 419 2456 ei
460 2414 687 2456 nomen
747 2394 917 2453 dedit
946 2440 961 2469 ‚
1008 2394 1282 2453 fraterna
1333 2392 1497 2452 caede
1544 2395 1837 2455 foedatam

226 2472 555 2533 facinorosis
582 2471 967 2545 hominibus,
989 2468 1290 2530 scelerum
1314 2470 1680 2545 impunitate
1695 2490 1834 2546 pro-

227 2550 387 2607 missa
413 2596 428 2621 ‚
474 2546 879 2609 habitandam
934 2546 1254 2606 concessit.
1315 2549 1400 2604 At
1453 2565 1600 2607 vero
1647 2549 1748 2605 isti
1807 2566 1842 2605 e

228 2622 494 2684 tenebris
518 2622 892 2685 Idololatriae
918 2624 996 2682 ad
1036 2622 1210 2681 Fidei
1248 2619 1455 2679 lumen
1491 2632 1804 2683 evocatam
1819 2640 1846 2695 ‚·
1877 2634 1888 2645 ·

228 2700 569 2777 Evangelica
596 2701 856 2761 veritate
888 2699 1186 2758 imbutam
1208 2744 1224 2770 ,
1251 2696 1622 2757 Christianis
1660 2718 1847 2757 orna-

230 2786 342 2835 tam
372 2776 705 2837 virtutibus
735 2820 753 2849 ‚
791 2787 854 2835 et
900 2777 977 2835 ad
1024 2774 1178 2835 Coeli
1225 2773 1666 2833 sublimitatem
1717 2793 1846 2833 ere·

230 2862 375 2911 etam
405 2894 422 2926 ,
468 2854 739 2929 pretioso
792 2852 1097 2929 Sanguine
1126 2870 1238 2913 suo
1265 2856 1706 2911 consecrarunt
1727 2897 1744 2924 ‚
1787 2860 1852 2909 et

229 2931 401 2987 sacris
444 2936 803 3005 Corporum
865 2950 1120 2988 suorum
1184 2926 1504 3005 ‘Sepulcris
1559 2927 1856 2989 adversus

228 3005 551 3065 fuoentium
588 3006 885 3064 haeresum
912 3005 1192 3077 insidias,
1222 3016 1286 3063 et
1321 3006 1644 3064 frementis·
1665 3004 1854 3062 infer-

232 3079 375 3141 nalis
389 3081 577 3141 hostis
598 3084 893 3157 impetus-t,
908 3092 1227 3157 tamquam
1237 3080 1481 3141 duobus
1497 3080 1853 3140 firmissimis

230 3159 537 3219 munivere
546 3157 1043 3235 propugnaculis.
1060 3164 1286 3217 Beatus
1301 3169 1505 3217 autem
1522 3153 1851 3233 Apostolus

230 3234 433 3293 Petrus
450 3280 466 3308 ,
482 3234 867 3295 'Sacer-dotali
892 3236 1041 3293 Sede
1066 3239 1322 3293 Romam
1351 3232 1687 3306 translata3
1710 3253 1851 3292 cum

232 3310 605 3386 privilegium
626 3312 947 3388 potestatis
972 3332 1007 3370 a
1038 3312 1284 3371 Christo
1305 3312 1568 3370 Domino
1593 3320 1852 3385 acceptae

230 3383 313 3444 ad
333 3406 557 3450 omnes
610 3408 753 3453 suos
796 3389 1179 3452 transmittat
1230 3387 1538 3461 haeredes,
1587 3390 1854 3467 supremi
