2434 3992
663 168 784 235 290
1174 145 1561 208 BENEmc‘rI
1603 144 1773 209 XIV.

396 268 435 318 1‘
454 285 485 315 o
506 284 534 315 n
556 284 605 315 τ.
662 254 737 313 ad
785 253 1207 313 confessiones
1249 250 1586 311 audiendas
1631 252 2002 331 approbato,
2039 263 2102 311 et
2139 258 2267 315 reci-

410 336 590 385 A·1V·
659 330 869 407 piendi
924 329 1005 389 ab
1051 348 1124 387 eo
1169 325 1622 388 absolutionem
1655 374 1671 402 ‚
1728 340 1800 387 ut
1851 331 2202 406 praefertur,
2237 355 2271 393 a

661 408 977 483 quibusvis
1019 407 1286 486 peccatis
1337 415 1522 481 atque
1565 406 1840 465 censuris
1892 408 1960 465 in
2012 409 2272 482 praedicta

659 481 836 545 Bulla
877 504 1005 542 non
1040 482 1301 559 exceptis
1332 486 1349 555 ,’
1398 482 1604 541 locum
1641 482 1939 555 haberet,
1972 494 2037 543 et
2073 484 2272 547 habere

659 570 1017 619 censeretur
1050 604 1067 632 ,
1120 558 1359 618 etiamsi
1415 558 1778 619 ordinarius
1829 560 2120 635 praefatus
2168 581 2272 621 non

659 647 815 695 esset
840 636 1207 696 Ordinarius
1243 632 1417 693 illius
1441 631 1558 693 Ioci
1578 680 1594 706 ‚
1634 634 1698 695 in
1724 655 1847 715 quo
1874 638 2270 696 Confessiones

658 712 979 788 praedictas
1019 714 1212 789 excipi
1265 713 1649 787 contingeret
1681 734 1700 788 3
1741 714 2110 789 Huiusmodi
2161 716 2268 790 opi,

661 790 948 864 monem,
994 790 1061 847 in
1104 790 1697 864 congregationibus
1740 794 1799 847 S.
1837 794 1917 852 R.
1959 795 2032 847 E.
2084 791 2267 849 nardi,

660 866 899 926 nalium
924 909 941 938 ‚
979 876 1108 925 tam
1148 885 1366 924 eorum
1399 910 1416 937 ‚
1469 867 1576 942 qui
1605 876 1777 925 tunc
1827 867 2121 955 temporis
2157 869 2266 943 Epi·

660 951 986 1019 scoporum
1016 954 1079 1002 et
1114 940 1510 1018 Regularium
1546 940 2105 1002 consultationibus
2143 963 2266 1019 prae-

658 1022 841 1095 positi
866 1030 1043 1079 erant
1065 1066 1082 1094 ‚
1124 1040 1314 1096 quam
1348 1017 1606 1077 aliorum
1633 1018 1924 1079 adversus
1950 1020 2270 1082 haereticam

658 1098 1030 1176 pravitatem
1090 1094 1486 1155 Generalium
1549 1098 1998 1173 Inquisitorum
2057 1117 2092 1153 a
2146 1095 2269 1154 Sede

660 1171 1014 1249 Apostolica
1065 1171 1408 1249 specialiter
1460 1170 1898 1247 deputatorum
1933 1218 1948 1244 ‚
1993 1171 2070 1231 de
2109 1173 2270 1249 ipsius

662 1250 957 1309 mandato
998 1270 1070 1307 ex
1109 1252 1348 1325 integro
1395 1252 1799 1307 examinatam
1824 1296 1840 1322 ‚
1883 1252 2109 1308 iterum
2151 1270 2266 1308 cenv

661 1328 785 1383 suit
834 1324 1340 1402 proscribendam
1391 1337 1576 1405 atque
1617 1326 2074 1397 damnandam,
2120 1327 2269 1383 sicuti

661 1402 859 1477 reipsa
899 1404 1285 1479 proscripsit,
1317 1412 1380 1459 et:
1419 1402 1767 1473 damnavit,
1791 1418 1903 1477 per
1925 1400 2268 1477 Apostolicas

660 1477 728 1535 in
784 1478 984 1537 forma
1035 1480 1243 1537 Brevis
1286 1479 1518 1538 Literas
1559 1481 1860 1555 incipien,
1912 1480 2063 1535 Cum
2101 1479 2266 1548 sicut,

661 1552 760 1631 die
792 1552 1027 1614 decima
1059 1576 1224 1614 nona
1262 1554 1487 1629 Aprilis
1529 1558 1676 1613 anni
1717 1555 2027 1616 millesimi
2067 1555 2264 1630 septin-

568 1688 573 1699 ,
662 1633 1009 1707 gentesimi,
1047 1630 1442 1692 Pontificatus
1487 1635 1581 1691 sui
1625 1632 1788 1691 anno
1845 1654 2014 1691 nono
2053 1632 2264 1705 editas;

661 1706 997 1767 decernens
1024 1719 1087 1767 et
1111 1705 1430 1768 declarans
1447 1754 1462 1781 ‚
1502 1710 1848 1787 praedictam
1874 1708 2110 1772 Bullam
2135 1714 2264 1779 Cru,÷

663 1784 833 1843 ciatae
858 1824 885 1854 -,
933 1785 1137 1862 quoad
1184 1784 1690 1862 approbationem
1732 1785 2263 1855 Confessariorum‚

662 1860 820 1919 nihil
860 1864 1005 1922 novi
1046 1862 1204 1939 juris
1251 1862 1590 1933 induxisse,
1639 1860 2005 1947 nullumque
2047 1860 2260 1937 privil&

660 1938 827 2010 gium
855 1940 1173 1996 continere
1210 1948 1427 1998 contra
1454 1938 1712 1997 formam
1751 1937 2014 1999 Concilii
2038 1938 2261 1999 Tridem

660 2014 811 2084 tini,
852 2024 915 2071 et
949 2014 1380 2089 praedictarum
1418 2018 1950 2086 constitutionum
1990 2013 2260 2091 Apostoli·

378 2106 869 2171 mandamentum
890 2110 907 2163 3
940 2088 1093 2149 adeo
1112 2100 1180 2148 ut
1204 2090 1571 2155 Confessarii
1596 2104 1721 2151 tam
1737 2091 2090 2163 Saecula1·e5‚
2107 2110 2261 2167 quam

356 2186 633 2238 confessa·
656 2163 1015 2239 Regulare5‚
1071 2168 1442 2244 quicumque
1499 2165 1589 2226 illi
1640 2170 1794 2239 sint,
1843 2172 1910 2227 in
1951 2170 2076 2230 vim
2114 2170 2259 2227 dictae

358 2256 496 2303 rium
534 2240 843 2305 ele-Bullae
893 2244 1193 2303 Cruciatae
1243 2264 1279 2312 a
1325 2244 1764 2306 Poenitentibus
1819 2242 1898 2313 ad
1961 2244 2260 2304 audiendas

356 2329 500 2371 etum
576 2322 633 2371 in
656 2318 1133 2382 Sacramentales
1176 2340 1391 2390 eorum
1429 2321 1851 2383 confessiones
1889 2321 2104 2395 electi,
2148 2320 2257 2381 nul·

354 2385 633 2467 vimenae
656 2392 900 2455 latenus
940 2398 1362 2469 anffissiones
1404 2396 1751 2475 hujusmodi
1791 2399 2010 2467 audire
2046 2398 2261 2461 valeant

355 2454 630 2572 Cgu‘g'g'&
656 2467 787 2538 sine
822 2474 1264 2558 approbatione
1307 2474 1619 2543 ordinarii
1647 2519 1664 2549 ,
1712 2487 1775 2535 et
1809 2478 2092 2553 Episcopi
2126 2478 2254 2534 Dioe-

352 2539 631 2645 ἓυίοίοὲξ
656 2552 856 2613 cesarii
900 2550 1052 2623 loci,
1099 2553 1160 2610 in
1208 2572 1332 2629 quo
1374 2552 1483 2627 ipsi
1525 2554 1890 2611 Poenitentes
1917 2553 2184 2628 degunt,
2209 2560 2258 2607 et

352 2658 601 2721 approba·
656 2626 1069 2691 Confessarios
1116 2624 1384 2703 eligunt,
1429 2626 1528 2690 vel
1567 2629 1646 2687 ad
1695 2629 2076 2705 excipiendas
2121 2634 2252 2689 Cous

350 2728 468 2771 tum
520 2740 631 2773 esse
652 2702 941 2763 sessiones
971 2705 1338 2781 requirunt3
1375 2724 1486 2767 nec
1529 2705 1604 2763 ad
1656 2705 1772 2765 hoc
1808 2704 2124 2781 suffragari
2171 2722 2251 2777 ap·

350 2788 548 2841 debere.
650 2780 1080 2853 probationem
1126 2779 1360 2855 semel,
1419 2780 1517 2841 vel
1555 2780 1784 2857 pluries
1821 2782 1902 2842 ab
1949 2781 2253 2841 Ordinariis

652 2854 915 2915 aliorum
976 2862 1274 2916 Locorum
1314 2898 1331 2929 ,
1392 2868 1454 2917 et
1517 2860 1854 2919 Dioecesum
1915 2860 2206 2919 obtentam
2235 2899 2247 2921 2

652 2934 887 2991 etiamsi
932 2937 1302 2999 Poenitentes
1343 2930 1591 2993 illorum
1625 2936 2126 3003 Ordinariorum,
2161 2933 2246 3009 qui

652 3011 1067 3069 Confessarios
1112 3008 1337 3069 electos
1381 3012 1821 3087 approbassent
1853 3058 1869 3087 ,
1923 3012 2140 3071 subditi
2174 3010 2244 3067 soff

349 3135 382 3181 S
424 3134 456 3181 b
650 3097 835 3145 rent:
872 3085 1263 3162 Subindeque
1297 3092 1514 3147 statuit
1545 3090 1970 3155 confessiones
2009 3088 2167 3147 aliter
2189 3085 2244 3140 in

354 3150 625 3249 hznfifft'ff
648 3174 963 3238 posterum
1005 3164 1193 3222 factas
1235 3174 1298 3222 et
1342 3168 1679 3241 respective
1719 3166 2000 3230 auditas,
2046 3160 2243 3247 nullas³

346 3265 626 3318 absolutio.
650 3241 853 3299 irritas
874 3283 889 3309 ‚
929 3251 993 3300 et
1024 3238 1324 3300 invalidas
1366 3243 1498 3301 fore
1519 3288 1534 3314 ‚
1585 3254 1645 3301 et
1677 3242 2122 3311 Sacerdotibus,
2153 3255 2244 3311 qul

348 3333 431 3381 ni.
450 3364 467 3397 ‚
488 3332 627 3383 2115..
650 3313 783 3375 illas
808 3318 1019 3377 audire
1041 3320 1542 3395 praesumpserint
1561 3362 1574 3383 ‚
1606 3322 2011 3395 suspensionis
2036 3332 2248 3393 poenam

350 3416 464 3469 que.
650 3393 781 3468 ipso
819 3393 979 3452 facto
1012 3395 1445 3455 incurrendam
1479 3395 1697 3457 indixit
1725 3418 1742 3455 τ
1782 3398 2129 3482 Opinionem
2149 3408 2245 3456 aut
