2434 3992
69 11 150 41 Γ.-

69 64 137 233 l..

168 261 183 280 .
281 288 512 361 inan-io,
547 285 626 349 ad
659 287 994 351 audiendas
1035 287 1397 351 Monialium
1434 289 1776 352 Confessio.
1836 297 2046 355 Auno

317 363 651 443 eligendos.
1876 364 2023 433 ¹744.

161 281 416 700 ἓ
460 484 539 539 Et
570 478 859 555 demum,
899 488 971 540 ut
1015 478 1186 555 illos,
1235 482 1343 558 qui
1394 482 1456 542 in
1503 480 1778 560 aliquam
1836 467 1985 535 Etru
2022 467 2083 518 ad

745 181 1192 247 Evaunum.
1656 198 1777 269 229

405 578 464 617 m
518 557 654 617 Sedi
705 556 1069 635 Apostolicae
1117 568 1489 621 reservatam
1516 603 1531 631 ,
1590 562 1780 619 etiam
1801 550 2086 602 ⁰¹¹²¹³²⁸P¹0

175 634 312 695 obv!
411 644 542 698 tam
581 632 1060 698 Ecclesiasticam
1094 636 1469 697 Libertatem
1489 682 1505 709 ,
1534 634 1632 697 vel
1661 642 1776 696 Im·
1802 603 1967 723 2:³2.
2020 603 2084 718 ζει

175 711 545 852 ῐιηιιιίῒειῒςεῖ.1
565 708 810 789 publice
849 714 1264 785 incurrerint,
1318 712 1417 774 vel
1460 716 1783 774 incurrisse
1806 738 2053 792 Census-is

177 786 440 850 declarati
551 792 751 863 erint,
792 800 854 849 et
895 810 1041 851 vere
1081 810 1151 849 ac
1203 793 1442 851 sincere
1481 794 1781 868 poeniten·
1810 806 2056 875 publicis.

179 876 275 939 tes,
312 875 370 926 et
394 861 544 931 no'ffl
568 866 913 942 Pontifici3‚
942 867 1020 928 ad
1048 860 1271 945 quem‘’
1300 878 1395 928 ost
1427 864 1788 929 electionem

115 986 122 997 .
180 962 466 1005 recurrere
503 939 854 1018 debebunt,
882 944 1190 1005 mandatis
1229 965 1268 1006 o
1316 956 1660 1022 temperare
1683 966 1787 1023 pa-

182 1024 308 1095 rati,
353 1018 721 1083 beneficium
767 1020 1172 1105 absolutionis
1210 1022 1328 1081 sibi
1366 1021 1625 1082 ulterius
1666 1043 1790 1083 non

182 1096 389 1159 differri
415 1100 590 1160 enixe
615 1099 1024 1177 deprecentur
1041 1144 1056 1172 ‚
1073 1097 1394 1161 absolvere
1415 1145 1431 1170 ‚
1459 1119 1597 1161 cum
1630 1100 1788 1159 rein-

184 1174 414 1237 cidentia
435 1222 452 1251 ,
473 1177 994 1255 quemadmodum
1021 1178 1083 1236 in
1113 1174 1533 1253 superioribus
1559 1176 1794 1237 dictum

70 1252 73 1343 ,Α
186 1262 284 1329 est,
316 1253 411 1316 vel
447 1252 684 1317 absolvi
729 1254 1023 1315 mandare
1067 1257 1325 1333 possint.

243 1374 293 1455 S.
325 1372 420 1435 56.
460 1379 868 1436 Decet-nentes
905 1386 1237 1455 praesentes
1280 1377 1513 1437 Literas
1537 1422 1553 1450 ,
1608 1377 1791 1437 etiam
1929 1380 1995 1431 X·

188 1470 240 1511 ex
281 1471 382 1523 eo,
419 1450 590 1529 quod
635 1458 828 1531 Major
866 1456 1391 1528 poenitentiarius,
1430 1474 1501 1514 nc
1572 1454 1795 1515 raef'atae
1816 1447 2097 1508 C¹w⁸¹¹¹²¹u

189 1531 628 1591 Poenitentiariae
653 1534 886 1607 Regens
905 1575 922 1604 ,
950 1542 1012 1592 et
1041 1529 1345 1591 officiales
1379 1552 1507 1607 proe
1554 1532 1696 1605 icti,
1722 1552 1794 1593 ac
1817 1520 2098 1572 “nem'‘

190 1604 274 1665 alii
311 1609 676 1685 quicumque
725 1610 788 1668 in
831 1609 1154 1685 praemissis
1195 1607 1661 1684 quomodolibet
1702 1609 1793 1669 in·

192 1692 386 1745 teresse
441 1684 740 1745 habentes
760 1727 776 1756 ,
841 1704 950 1745 seu
1003 1684 1233 1745 habere
1291 1685 1741 1762 praetendentes
1777 1734 1795 1762 ,

193 1760 388 1823 eisdem
423 1763 750 1839 praemissis
778 1782 904 1821 non
935 1763 1389 1836 consenserint,
1428 1773 1537 1821 aut
1564 1764 1795 1837 vocati,

194 1856 280 1899 seu
301 1840 487 1901 auditi
521 1860 644 1901 non
672 1839 938 1909 fuerint,
969 1837 1211 1915 aliaque
1238 1839 1455 1917 quavis
1480 1838 1557 1898 de
1584 1840 1799 1915 causa,

197 1920 562 1991 quantumvis
597 1914 864 1993 legitima
888 1962 904 1990 ‚
941 1925 1003 1977 et
1041 1916 1335 1995 juridica,
1380 1915 1457 1975 de
1492 1913 1625 1975 ullo
1648 1914 1803 1975 sub·

197 1994 496 2071 reptionis‚
535 1992 636 2057 vel
665 1994 1043 2071 obreptionis
1065 2039 1082 2065 ,
1114 2014 1223 2053 seu
1264 1991 1565 2055 nullitatis
1610 1994 1801 2068 vitio,

199 2082 284 2132 aut
307 2072 668 2135 intentionis
690 2073 922 2133 Nostrae
941 2114 956 2141 ,
993 2068 1092 2131 vel
1117 2068 1243 2131 alio
1276 2090 1668 2151 quocumque
1693 2070 1807 2132 de-

199 2146 334 2211 fectu
375 2151 614 2223 notari,
649 2149 1034 2228 impugnari,
1069 2148 1392 2225 redargui,
1438 2151 1803 2225 retractari,

201 2225 248 2285 in
277 2224 400 2305 ἰαῦ,
439 2225 541 2289 vel
581 2228 1064 2290 controversiam
1125 2228 1405 2287 revocari
1450 2223 1804 2288 nullatenus

201 2321 374 2379 posseg
400 2305 505 2365 sed
529 2324 770 2383 semper
788 2351 804 2379 ‚
833 2314 898 2364 et
918 2311 1221 2380 perpetuo
1258 2301 1519 2375 validas,
1564 2302 1767 2367 fimas
1786 2350 1803 2381 ,

202 2390 248 2439 et
281 2382 540 2445 efficaces
569 2385 854 2455 existere,
899 2391 962 2441 et
995 2402 1030 2439 a
1064 2381 1281 2456 Maiori
1313 2382 1804 2451 PoenitentiariO,

203 2461 484 2536 Regente2.
513 2462 868 2538 ceterisque
907 2457 1383 2521 Poenitentiariae
1430 2455 1807 2518 Officialibus

203 2538 512 2611 predictis,
569 2535 864 2615 aliisque,
921 2535 1000 2597 ad
1093 2552 1204 2593 uos
1254 2542 1489 2609 spectat
1515 2578 1531 2606 ‚
1576 2544 1639 2593 et
1685 2554 1807 2624 pro

205 2622 448 2693 tempore
473 2615 809 2693 spectabit,
841 2608 1068 2675 inviola
1118 2609 1283 2670 iliter
1318 2608 1627 2669 observari
1651 2632 1669 2681 r,
1694 2612 1807 2669 sic·

205 2710 302 2767 que
322 2712 428 2771 per
457 2711 878 2771 quoscumque
895 2689 1136 2751 Judices
1167 2687 1534 2749 ordinarios
1552 2728 1567 2756 ,
1596 2697 1658 2746 et
1696 2690 1805 2747 De·
1886 2752 1891 2757 ,

205 2766 401 2843 legatos
437 2816 456 2841 ,
511 2772 730 2848 quavis
777 2770 1150 2829 auctoritate
1203 2767 1566 2843 fungentes,
1626 2765 1811 2825 etiam

206 2848 518 2909 Causarum
553 2846 766 2907 Palatii
799 2842 1132 2923 Apostolici
1163 2844 1530 2916 Auditores,
1558 2852 1621 2901 et
1650 2845 1709 2901 S.
1732 2845 1807 2931 R.

207 2925 260 2981 E·
291 2925 674 2987 Cardinales.
705 2925 888 2984 etiam
905 2922 984 2983 de
1009 2927 1227 2981 Latere
1246 2927 1501 2999 Legatos
1520 2964 1532 2987 ‚
1560 2929 1620 2979 et
1644 2916 1811 3007 Sedis

207 3002 537 3075 Apostolicae
573 3002 874 3072 NuncioS,
909 2997 1152 3060 sublata
1193 3001 1315 3071 eis,
1346 3009 1407 3059 et
1434 3016 1645 3057 eorum
1682 3015 1809 3054 cm-

207 3072 334 3141 libet
369 3075 814 3157 quavisoaliter
854 3076 1210 3156 judicandi,
1254 3086 1318 3136 et
1360 3070 1813 3150 interpretandi

209 3152 502 3231 facultate,
539 3155 772 3232 ubique
805 3153 1066 3233 iudicari
1089 3198 1106 3227 ‚
1146 3163 1208 3211 et
1250 3148 1763 3222 definit-ildeberti
1794 3170 1809 3208 ε

209 3228 426 3295 irritum
465 3252 744 3313 quoque,
783 3243 846 3293 et
883 3232 1066 3291 inane
1100 3229 1403 3307 quidquid
1434 3248 1605 3288 secus
1631 3244 1813 3303 super

209 3310 500 3388 omnibus,
543 3320 608 3387 et
651 3308 904 3387 singulis
957 3308 1313 3385 praemissis,
1358 3304 1454 3367 vel
1502 3308 1665 3365 circa
1711 3324 1813 3375 ea,

209 3402 236 3441 a
262 3406 558 3467 quoquam
586 3390 804 3466 quavis
827 3386 1196 3448 auctoritate
1212 3386 1507 3456 scienter,
1536 3381 1627 3444 vel
1650 3384 1813 3457 igno·

210 3474 396 3541 ranter
429 3467 756 3544 contigerit
791 3463 1108 3527 attentari.
