2434 3992
728 156 1175 235 animumn.
1665 178 1783 246 277

166 267 451 342 insignem
471 310 487 337 ‚
514 275 693 325 caute
709 310 725 339 ‚
756 275 819 324 et
840 265 919 324 ad
952 266 1348 325 rectissimam
1365 264 1616 343 iustitiae
1641 286 1782 325 nor·
1845 277 1892 327 Δ
1917 294 1950 326 ιι
1972 294 2000 326 κ
2023 294 2060 328 ο

167 364 321 404 mam
366 340 698 419 procedere
746 340 1023 403 volentes
1051 388 1067 413 ,
1108 364 1234 401 non
1273 342 1476 403 adhuc
1527 342 1790 419 proinde
1885 342 2034 412 ²744·

168 418 508 497 hu'usmodi
544 421 937 499 quaestionem
958 465 974 489 ‚
1001 430 1213 478 utrum
1249 419 1478 479 scilicet
1511 419 1786 481 Abbates

168 442 419 557 ddsseant
449 538 461 559 ‚
508 494 603 554 vel
656 493 1157 571 metropolitano,
1206 496 1308 557 vcl
1361 496 1789 557 Proto-Archi-r

167 573 478 631 mandritae
529 572 879 630 immediate
917 571 1161 631 subesse
1188 617 1204 644 ‚
1244 593 1353 649 per
1399 572 1784 635 definitivam

169 648 589 709 resolutionem
648 648 929 707 decidere
967 668 1141 725 posse
1194 668 1548 724 censemus3
1616 651 1785 727 quod

170 736 359 785 tamen
412 746 448 783 a
500 723 689 783 Nobis
716 768 733 797 ,
778 722 947 783 nulla
1008 726 1330 801 interjecta
1379 745 1585 793 mora,
1629 746 1780 802 prae-

169 802 420 864 stabitur
461 802 669 861 statim
716 820 825 873 ac,
870 798 971 861 vel
1019 802 1132 877 ipsi
1179 804 1634 875 invenerimus,
1687 802 1784 863 vel

171 879 337 938 Nobis
384 875 633 938 aliunde
660 876 933 936 firmiora
962 878 1025 935 in
1065 880 1370 938 utramvis
1403 888 1643 953 partem
1679 877 1782 939 de·

170 954 395 1015 cideudi
428 954 837 1013 fundamenta
864 953 1253 1030 suppeditata
1285 954 1542 1013 fuerint.
1908 980 2087 1031 Fiuma

230 1030 280 1109 S.
318 1050 421 1089 21.
462 1032 719 1089 Interim
775 1050 927 1093 vero
975 1030 1396 1105 decernimus,
1433 1042 1506 1089 ut
1544 1031 1606 1089 in
1657 1037 1781 1091 Mo-
1810 1045 2020 1097 interim

171 1110 431 1168 nasteriis
444 1104 1520 1167 AbbatialibusProto-e'trehimandri
1529 1118 1586 1166 ta
1603 1128 1786 1170 omne
1812 1122 2051 1163 manente

171 1192 249 1260 jus
288 1182 517 1243 habeat
558 1184 621 1241 in
672 1182 837 1243 bona
872 1185 1265 1254 monasterii,
1299 1190 1488 1260 §tque
1535 1185 1599 1242 in
1647 1204 1782 1260 per·
1811 1178 2070 1241 iurisdict.

171 1280 325 1321 sonas
365 1258 807 1321 Monachorum
838 1306 855 1334 ‚
902 1258 1408 1337 Metropolitanus
1443 1271 1651 1320 autem
1693 1265 1783 1322 in-
1810 1245 1986 1295 Ps⁰²⁰·
2033 1313 2043 1324 .

172 1340 364 1398 teriori
417 1337 931 1396 monasteriorum
978 1338 1264 1413 regimini
1310 1336 1668 1397 nullatenus
1719 1312 2085 1429 sefi'ch'hm

174 1416 431 1491 ingerat3
468 1414 758 1489 quoniam
791 1412 1199 1486 advertimus,
1239 1412 1782 1491 Metropolitanum
1805 1395 2088 1497 ,ιουζέῃῗ

174 1492 345 1566 ipsum
386 1508 585 1564 usque
620 1488 699 1548 de
727 1493 909 1549 Anno
950 1487 1118 1549 1686.
1156 1490 1415 1549 interius
1447 1510 1630 1550 omne
1665 1495 1779 1551 Re·
1806 1502 2080 1563 Momm(

174 1565 387 1643 ligionis
434 1566 801 1641 gubernium
846 1563 1046 1625 eidem
1080 1564 1424 1641 Religioni,
1459 1577 1522 1645 et
1567 1572 1780 1627 Proto·
1807 1582 1927 1630 rior.

174 1642 667 1703 Archimandritae
710 1640 1060 1717 reliquisse,
1111 1644 1436 1702 reservatis
1473 1642 1594 1701 sibi
1649 1643 1782 1705 aliis
1831 1664 2083 1730 Metropo-

176 1720 333 1780 rebus
364 1762 378 1786 ‚
436 1738 589 1795 quas
639 1721 903 1795 propriae
962 1716 1308 1778 Ordinariae
1361 1719 1782 1780 Jurisdietioni
1807 1729 2089 1783 litauivero

178 1806 497 1874 competere
552 1797 835 1853 asseruit.
887 1799 1061 1853 Inter
1120 1792 1248 1853 haec
1315 1804 1524 1853 autem
1553 1840 1570 1865 ‚
1632 1794 1862 1855 damin
1911 1812 2086 1859 peno..

178 1871 659 1950 Metropolitanus
688 1872 1001 1931 rationum
1019 1881 1329 1930 momenta
1345 1915 1364 1944 ‚
1389 1890 1526 1946 quae
1543 1870 1622 1950 ab
1654 1872 1784 1947 ipso
1807 1878 1898 1913 ¹²³⁸
1915 1860 2087 1913 Abba·

178 1962 327 2024 sunt,
372 1959 563 2025 atque
588 1946 859 2007 Abbates
888 1945 1171 2007 similiter
1194 1968 1265 2006 ea
1287 1992 1302 2021 ‚
1341 1967 1478 2024 quae
1511 1950 1785 2022 ipsorum
1809 1934 1942 1979 ‘⁰¹¹¹‘

178 2027 484 2086 intentioni
502 2025 710 2083 favere
730 2036 987 2099 possunt
1004 2070 1021 2099 ‚
1040 2026 1258 2102 maiori
1274 2069 1291 2098 ‚
1311 2044 1431 2100 qua
1449 2034 1749 2111 poterunt
1763 2072 1781 2100 ,

178 2102 463 2161 celeritate
504 2099 691 2160 Nobis
729 2101 1003 2161 indicare
1032 2101 1379 2173 curabunt,
1419 2102 1780 2176 statuimus,

179 2188 233 2236 nt
265 2174 771 2254 Metropolitanus
816 2179 877 2236 iu
920 2177 1087 2238 illius
1122 2179 1306 2253 iuris,
1345 2178 1512 2254 quod
1552 2180 1614 2236 iu
1654 2178 1781 2238 Ab·

177 2251 364 2315 batum
388 2272 681 2331 personas
706 2253 982 2327 obtinet,
1008 2254 1385 2330 possessione
1407 2262 1780 2328 perseveret.

235 2328 283 2407 S.
322 2350 423 2390 22.
466 2328 565 2391 Ad
606 2328 843 2406 reliqua
885 2336 1051 2388 nunc
1092 2331 1546 2403 percurrenda,
1577 2349 1713 2405 quae
1745 2339 2077 2393 alut-men-

179 2406 341 2467 Vobis
374 2409 439 2467 in
476 2405 919 2483 congressibus
942 2406 1174 2467 Vestris
1198 2404 1492 2479 disposita
1517 2451 1532 2477 ‚
1568 2406 1780 2467 Nobis·
1807 2413 1918 2455 tum
1960 2407 2082 2457 Pro·
2173 2409 2179 2416 '

246 2482 561 2543 eexhibita
604 2484 894 2555 fuerunt,
938 2484 1215 2541 animum
1257 2481 1544 2540 Nostrum
1579 2483 1780 2542 inten·
1806 2472 2046 2524 ‘⁰4¹⁸'-

212 2558 370 2619 imus.
399 2564 478 2619 Et
504 2558 753 2637 quidem
780 2578 923 2617 cum
948 2580 985 2620 a
1011 2557 1205 2619 Vobis
1231 2566 1530 2616 statutum
1555 2558 1744 2617 fuerit
1760 2602 1776 2631 ,
1807 2555 2024 2655 {l‘oeoeflf

178 2644 235 2692 ut
253 2634 964 2696 Proto-Archimandrita
986 2680 1003 2709 ‚
1020 2642 1161 2712 post
1184 2632 1544 2693 electionem
1569 2654 1740 2692 suam
1763 2680 1780 2708 ‚
1806 2620 2080 2735 pffffiioff‘

179 2712 579 2771 lun-amentum
652 2710 1019 2771 obedieutiae
1072 2721 1363 2787 praestare
1435 2709 1660 2769 debeat
1717 2713 1781 2770 in
1804 2752 1922 2786 „em
1945 2754 2084 2787 com,

181 2788 434 2847 manibus
489 2786 984 2863 metropolitani,
1030 2798 1163 2847 tum
1206 2806 1352 2860 suo,
1401 2797 1536 2847 tum
1595 2787 1784 2846 totius
1805 2804 2082 2870 plectatur.

181 2860 479 2941 Religionis
502 2864 752 2925 nomine
770 2906 785 2927 .
806 2875 1055 2942 tamque
1068 2885 1209 2940 erga
1231 2869 1512 2924 Sanctam
1535 2863 1748 2922 Sedem
1765 2908 1784 2936 ,

182 2956 337 3010 quam
391 2960 535 3015 erga
584 2943 783 3016 ipsum
835 2940 1378 3017 Metropolitanum
1399 2986 1416 3011 ‚
1445 2939 1786 2997 ‘secundum

179 3018 351 3073 omnia
372 3018 524 3075 Iura
540 3062 557 3090 ‚
604 3016 1053 3075 constitutiones
1070 3064 1086 3088 ,
1119 3028 1177 3073 et
1208 3020 1466 3074 Dec-neta
1489 3038 1534 3073 a
1561 3018 1786 3073 &ncta

181 3090 303 3147 Sede
346 3092 697 3168 Apmtoliea
736 3093 863 3150 lata
881 3116 907 3164 ;
955 3104 1094 3170 post
1153 3092 1505 3169 huiusmodi
1559 3091 1782 3164 verba,

182 3166 339 3229 etiam
379 3169 510 3229 haec
544 3167 662 3228 alia
706 3189 818 3246 per
851 3175 977 3231 Vos
1017 3169 1299 3229 addenda
1347 3189 1472 3229 esse
1510 3170 1781 3245 praecipi·

180 3259 293 3302 mus
328 3288 342 3312 ‚
400 3266 621 3322 nempe
661 3266 679 3303 ε
722 3247 809 3303 Et
846 3248 1024 3316 juxta
1056 3247 1410 3321 praescnpta
1453 3247 1518 3301 in
1567 3246 1784 3301 Liten's

181 3317 522 3378 Samaoeimi
576 3322 830 3379 Domini
904 3322 1111 3379 Nostri
1160 3332 1273 3380 etc.
1339 3320 1566 3398 quibus
1620 3321 1784 3381 idem

182 3394 858 3459 Pr0200Arehimand1-ita
874 3444 892 3476 ,
924 3409 987 3461 et
1006 3397 1240 3476 Religio
1273 3398 1593 3459 manifeste
1621 3396 1778 3458 obli-
