2434 3992
678 150 682 161 ¹
707 188 832 235 210
1254 156 1645 235 BENEmc'ri
1688 153 1864 235 XIV.

436 278 474 342 ἵ)
497 308 576 341 01«-
598 308 647 343 τ.
705 298 1005 339 memores
1063 278 1294 339 Christi
1352 278 1701 351 charitatis,
1762 290 1824 338 et
1882 270 2312 355 misericordiae,

452 360 634 411 AJV.
706 355 879 416 nullo
919 378 1194 433 unquam
1236 368 1517 433 tempore
1551 357 2108 434 praetermiserunt.

477 463 644 516 Officii
777 432 832 512 §.
876 454 927 493 1.
963 434 1142 501 Ideo,
1170 445 1394 511 praeter
1427 432 1545 495 alia
1571 433 1752 511 plura
1781 454 1897 512 pro
1932 436 2117 493 variis
2138 454 2308 495 causa·

401 531 663 585 Poeniten-
700 532 842 571 rum
874 513 1200 588 generibus
1216 514 1551 573 constituta
1577 517 1868 573 Romanae
1895 512 2100 571 Curiae
2126 512 2307 571 Tribu-

401 600 565 662 uaria
601 600 680 651 iu-
703 587 866 649 nalia
883 635 898 662 ,
924 589 1261 651 voluerunt
1287 591 1589 667 imprimis
1624 597 1747 669 jam
1782 588 1925 649 inde
1952 612 1987 649 a
2016 592 2307 649 vetustissi-

398 670 646 747 stitutum
663 708 679 731 2
700 668 814 726 mis
846 688 1040 745 usque
1065 668 1447 745 temporibus
1482 680 1687 728 extare
1712 669 1777 726 in
1804 688 1873 727 ea
1894 714 1911 742 ,
1938 676 2003 726 et
2032 688 2311 743 nunquam

397 742 451 785 ⁰²
473 736 675 787 ⁰¹¹¹¹¹²⁸
699 743 1082 808 defecturum
1134 756 1437 823 perpetuo
1492 747 1879 819 conservari,
1924 746 2119 804 instar
2155 745 2310 807 fontis

697 826 966 899 patentis
998 826 1219 885 Domui
1239 824 1434 884 David
1457 825 1517 882 in
1548 822 1933 888 ablutionem
1969 824 2307 899 peccatoris,

697 900 1062 978 Apostolicae
1079 903 1551 962 Poenitentiariae
1574 899 1855 961 Officium
1876 947 1892 971 ‚
1926 900 2003 959 ad
2022 900 2181 977 quod
2197 902 2307 959 uni-

696 980 860 1057 versi
879 978 1112 1040 Fideles
1130 1000 1201 1039 ex
1219 982 1388 1039 omni
1408 978 1742 1040 Christiani
1764 976 1947 1039 Orbis
1969 980 2203 1054 regione
2218 999 2309 1053 pro

695 1058 820 1117 suis
838 1060 1094 1136 quisque
1117 1056 1496 1135 spiritalibus
1521 1056 1753 1116 morbis
1826 1054 2121 1115 uamlibet
2140 1054 2306 1113 occul-

696 1137 775 1195 tis
793 1138 955 1209 ‚sive
980 1156 1093 1213 per
1117 1157 1181 1196 se
1199 1179 1213 1205 ,
1242 1138 1369 1199 sive
1388 1156 1499 1211 per
1529 1154 1783 1193 arcanas
1834 1144 2015 1193 iteras
2034 1179 2051 1206 ‚
2080 1135 2308 1209 propriis

695 1214 882 1273 etiam
919 1216 1254 1291 suppressis
1288 1213 1663 1285 nominibuS,
1696 1223 1836 1271 tuto
1856 1210 2175 1287 confugere
2196 1230 2307 1286 pos-

695 1301 867 1364 sent,
911 1303 974 1351 et
1007 1294 1479 1354 convenientem
1520 1289 1885 1351 vulneribus
1938 1288 2306 1359 medicinam,

693 1380 927 1428 secreta
955 1380 1016 1429 et
1053 1371 1321 1445 gratuita
1352 1371 1673 1429 curatio-ne
1706 1366 1924 1446 (qualis
1952 1366 2033 1425 ab
2058 1365 2308 1426 omnibus

691 1446 966 1521 optanda
1003 1446 1190 1525 foret)
1224 1449 1509 1523 protinus
1553 1456 2101 1521 consequerentur.
2150 1448 2308 1519 Cuius

691 1534 820 1583 tam
869 1522 1146 1599 praeclari
1176 1572 1192 1599 ‚
1236 1537 1489 1603 tamque
1530 1523 1817 1584 salutaris
1870 1522 2135 1582 instituti
2176 1524 2307 1581 ratio

691 1603 986 1661 Romanis
1031 1623 1147 1679 pro
1197 1614 1478 1681 tempore
1527 1600 1923 1663 Pontificibus
1977 1620 2307 1675 magnopere

692 1678 866 1739 cordi
885 1679 1005 1740 fuit
1027 1704 1044 1755 ς
1067 1691 1433 1758 tantamque
1466 1702 1535 1741 ex
1560 1682 1742 1758 hujus
1774 1678 1972 1741 Officii
2004 1679 2305 1740 ministerio

693 1758 758 1817 in
807 1755 1084 1819 Ecclesiae
1131 1759 1668 1821 administratione
1731 1755 2066 1817 utilitatem
2110 1756 2303 1831 experti

689 1845 871 1911 suut3
909 1846 980 1894 ut
1029 1835 1180 1897 olim
1240 1836 1438 1897 eidem
1476 1836 1691 1898 Officio
1729 1855 1855 1895 uon
1910 1833 2095 1896 modo
2130 1852 2302 1893 causas
2367 1906 2368 1911 ἵ

687 1911 772 1971 ad
813 1913 1075 1975 interius
1171 1916 1503 1975 oenitentiae
1546 1915 1784 1980 forum,
1828 1908 2121 1971 sedalias
2149 1914 2299 1984 etiam
2367 1914 2368 1925 ¹

687 1988 1033 2064 complures
1073 1934 1168 2050 ad)
1192 1994 1449 2066 gratiam
1482 2040 1499 2065 ‚
1539 2005 1601 2053 et
1627 1992 1929 2070 iustitiam
1956 1991 2183 2051 externi
2210 1987 2300 2046 fori

687 2068 1070 2139 pertinentes
1089 2114 1106 2142 ,
1144 2069 1552 2146 expediendas
1589 2069 1977 2130 committere
2006 2087 2127 2127 non
2156 2064 2297 2125 dubi-

687 2142 982 2203 taverint.
1167 2176 1172 2181 ·
1227 2155 1231 2159 '

386 2226 439 2277 8.
456 2224 664 2281 Piusv.
759 2212 816 2296 §-
869 2238 938 2301 2·.
974 2220 1090 2281 Sed
1131 2233 1381 2297 sanem,
1424 2246 1495 2285 ac
1538 2222 2070 2303 salubri'consilio
2104 2224 2294 2282 Vener.

384 2296 577 2371 veteris
681 2312 872 2353 mem.
915 2298 1329 2353 Ptaedecessor
1366 2313 1577 2359 noster
1614 2308 1869 2363 sanctus
1896 2302 2037 2359 Pius
2068 2303 2213 2371 Papa
2239 2300 2296 2354 V.

384 2356 644 2441 Roen1ten7
683 2366 1189 2431 animadvertens
1246 2370 1600 2449 hujusmodi
1664 2374 2101 2449 negotiorum,
2150 2383 2297 2447 atque

385 2429 664 2479 ‘¹⁸¹¹aefffl·
685 2465 980 2511 curarum
1025 2445 1381 2519 cumulum,
1434 2447 1699 2510 aliorum
1756 2448 2181 2511 Tribunalium
2225 2452 2292 2507 in-

385 2510 628 2613 msssij
686 2525 906 2587 stituto
932 2526 1122 2601 magis
1151 2527 1649 2588 convenientium
1669 2574 1685 2601 ‚
1712 2529 2193 2588 Paenitentiariae
2210 2526 2290 2586 Of-

384 2576 660 2685 ssovxn'i„
687 2601 894 2663 ficium
952 2602 1276 2664 dumtaxat
1332 2624 1626 2665 onerare.
1672 2626 1743 2665 ac
1788 2604 2073 2665 sedulum
2130 2603 2290 2675 illud,

381 2696 583 2752 stituit.
685 2690 873 2758 atque
902 2680 1211 2741 assiduum
1249 2682 1519 2743 studium
1548 2680 1681 2743 aliis
1710 2685 1970 2759 negotiis
1998 2682 2078 2743 ad
2099 2683 2289 2741 anima-

684 2778 825 2817 rum
887 2757 1145 2818 salutem
1195 2760 1651 2833 pertinentibus
1693 2762 1999 2837 praecipue
2053 2760 2288 2821 tribuen·
2357 2810 2358 2819 ,

682 2834 872 2911 dum,
932 2836 1301 2896 imminuere
1357 2858 1567 2915 posse3
1626 2838 1793 2915 quod
1850 2844 1974 2915 iam
2032 2835 2137 2897 fel.
2194 2855 2286 2895 rec·

682 2914 824 2972 Pius
853 2908 1090 2989 pariter
1129 2918 1289 2989 Papa
1328 2919 1437 2979 IV.
1470 2936 1542 2975 ex
1572 2927 1750 2991 parte
1790 2915 1990 2976 facere
2023 2932 2288 2993 aggressus

679 2990 886 3049 fuerat
903 3034 918 3060 ‚
939 2989 1000 3048 id
1021 2986 1284 3051 ulterius
1296 3012 1663 3069 promovere
1678 3040 1694 3067 ‚
1714 3013 1785 3053 ac
1802 2988 2099 3069 perficere
2110 3010 2285 3071 magna

679 3087 822 3126 cum
853 3065 1034 3127 laude
1056 3065 1367 3143 decrevit,
1399 3070 1691 3147 ideoque,
1726 3075 1909 3132 Anno
1936 3064 2283 3131 Pontificatus

680 3146 772 3203 sui
793 3149 903 3208 IV.
926 3145 1379 3207 Incarnationis
1405 3150 1735 3209 Dominicae
1754 3152 2085 3209 MDLXIX.
2108 3156 2282 3225 quarto

679 3220 986 3282 Kalendas
1013 3224 1190 3301 Maii,
1224 3224 1387 3285 edita
1422 3226 1913 3301 Constitutione,
1944 3247 2081 3304 quae
2114 3222 2281 3299 incipit

677 3299 758 3353 In
781 3299 1084 3373 omnibus,
1113 3312 1385 3363 veterem
1414 3305 1883 3364 Poenitentiariae
1905 3306 2158 3365 formam
2188 3319 2282 3373 sup·

677 3378 900 3449 pressit
921 3422 939 3451 ‚
987 3387 1174 3455 atque
1220 3377 1537 3454 abolevit,
1586 3402 1935 3461 novamque
1970 3382 2047 3443 de
2091 3384 2281 3453 integro

645 3453 1006 3531 ·excitavit;
1047 3454 1379 3537 multisque
1420 3459 1680 3537 provide
1699 3506 1717 3538 ,
1747 3480 1819 3521 ac
1853 3462 2153 3541 sapienter
2170 3474 2279 3515 con·
