2434 3992
302 276 509 327 Pon-r.

260 350 267 357 ’
312 344 496 395 ΔΑΗ.

574 178 595 221 1
617 175 691 219 ιο
1100 147 1490 219 flammea-1
1536 152 1712 218 XIV.

568 260 857 321 culminis
906 261 1382 335 praerogativam
1451 256 1912 335 quodammodo
1987 280 2222 321 cumea

568 338 1082 406 communicavit,
1128 336 1404 414 adeoque
1451 350 1520 397 ut
1553 359 1666 414 per
1705 342 1873 399 Beati
1914 340 2078 397 Petri
2106 344 2220 398 Ca*

568 414 890 485 thedram,
942 415 1226 489 Princeps
1250 456 1262 479 ,
1321 434 1391 471 ac
1429 418 1634 489 Caput
1679 416 1866 475 Orbis
1909 414 2123 484 fieret,
2159 418 2226 475 et

570 494 637 551 in
690 494 1057 549 immensum
1113 488 1430 564 Religione
1474 491 1698 551 Divina
1737 497 1870 563 eius
1919 502 2226 551 cresceret

568 568 863 643 dignitaS‚
900 572 1073 643 cujus
1091 565 1278 625 latius
1304 586 1492 641 quam
1519 566 1944 627 dominatione
1969 578 2226 627 terrena

566 664 679 721 per
736 654 935 701 totum
1002 642 1238 701 Orbem
1293 642 1789 717 protendebatur
1855 646 2222 703 auctoritas.

569 728 771 795 Quare
794 719 907 778 etsi
935 720 997 776 in
1026 722 1393 777 Sanctorum
1419 718 1914 780 solemnitatibus
1943 740 2225 779 commu-

570 818 649 857 ne
677 799 1107 864 universorum
1142 793 1447 857 Fidelium
1488 796 1702 855 deceat
1741 816 1867 856 esse
1893 796 2225 872 gaudium,

568 894 709 933 cum
765 872 845 931 ob
890 870 1033 929 fidei
1074 872 1380 931 unitatem
1431 874 1496 931 in
1545 875 1812 949 acceptis
1859 894 1896 931 a
1940 878 2068 931 Deo
2109 892 2230 949 per

568 954 785 1009 Servos
814 968 954 1007 suos
984 947 1296 1007 beneficiis
1323 947 1652 1007 indiscreta
1679 953 1760 1008 sit
1784 951 2062 1009 omnium
2096 952 2223 1024 uti·

568 1023 705 1085 litas
726 1068 739 1088 ,
768 1035 975 1085 tamen
1004 1022 1236 1083 Natalis
1264 1024 1697 1099 Apostolorum
1725 1026 1925 1088 Petri,
1964 1035 2028 1084 et
2048 1024 2234 1085 Pauli·

568 1103 926 1171 FestivitaS‚
948 1111 1171 1176 praeter
1204 1096 1376 1158 illam
1410 1104 1818 1163 reverentiam
1841 1146 1858 1173 ‚
1887 1122 2072 1178 quam
2101 1123 2226 1180 pro

568 1188 703 1239 toto
748 1184 1082 1237 Terrarum
1141 1176 1311 1236 Orbe
1359 1180 1704 1253 promeruit
1735 1220 1752 1247 ,
1805 1177 2099 1254 speciali,
2155 1190 2226 1239 et

567 1255 817 1331 propria
871 1258 1161 1312 Romanae
1209 1252 1398 1311 Urbis
1448 1253 1826 1313 exultatione
1863 1254 2226 1314 veneranda

568 1342 693 1403 est,
726 1342 797 1391 ut
844 1330 949 1389 ubi
986 1330 1438 1405 praecipuorum
1496 1328 1940 1407 Apostolorum
1985 1329 2224 1405 glorifi-

568 1417 741 1466 catus
780 1416 869 1465 est
902 1408 1136 1477 exitus,
1182 1404 1272 1463 ibi
1312 1407 1374 1463 i‘n
1413 1405 1516 1466 die
1549 1409 1830 1481 martyrii
1875 1426 2094 1466 eorum
2137 1410 2228 1467 sit

566 1482 788 1542 laetitiae
826 1484 1228 1558 principatus).
2243 1486 2250 1489 '

343 1576 545 1627 nomm
643 1558 698 1639 §.
728 1578 787 1617 2.
821 1559 989 1618 Vivit
1012 1558 1217 1621 adhue
1241 1558 1304 1615 in
1333 1567 1538 1618 mente
1569 1558 1892 1619 hominum
1911 1604 1928 1632 ‚
1954 1567 2020 1619 et
2046 1557 2225 1619 nulla

264 1644 536 1699 Natalema
570 1655 846 1711 unquam
907 1632 1139 1693 delebit
1192 1632 1462 1707 oblivio,
1517 1645 1696 1695 vetus
1753 1638 2050 1713 mem—oria
2078 1678 2098 1706 ,
2160 1646 2222 1695 et

265 1714 547 1762 ximnsem-
571 1712 919 1773 recorda-tio
938 1757 952 1782 ‚
982 1731 1167 1789 quam
1206 1710 1430 1769 merito
1448 1755 1466 1781 ‚
1501 1722 1566 1771 et
1597 1721 1834 1787 quanto
1859 1732 1970 1789 per
2011 1720 2225 1772 totum

264 1796 376 1855 per·
410 1778 540 1828 ⁸⁰¹⁸·
572 1788 803 1849 Orbem
846 1830 861 1857 ‚
902 1787 1010 1847 sed
1054 1788 1362 1863 praecipue
1419 1788 1484 1845 in
1528 1786 1646 1846 hac
1687 1786 1861 1847 Alma
1893 1786 2067 1847 Urbe
2109 1809 2222 1849 no-

266 1850 489 1895 multata

265 1913 321 1961 iu
359 1911 503 1961 Urbe

264 1978 487 2028 cele-bra-

266 2052 397 2094 tum.

569 1876 697 1924 stra
726 1912 743 1938 ‚
796 1865 982 1924 fuerit
1036 1885 1073 1922 a
1109 1864 1328 1938 primis
1382 1861 1664 1923 Ecclesiae
1715 1861 1946 1923 saeculis
1985 1862 2222 1925 celebri

567 1940 764 2011 cultu,
782 1951 844 1999 et
857 1938 1175 2016 splendida
1192 1937 1584 2003 solemnitate
1596 1938 1826 1999 Natalis
1847 1940 1975 2001 dies
1995 1941 2219 1999 Beato'-

566 2037 707 2075 rum
756 2014 1195 2092 Apostolorum
1245 2014 1612 2075 celebratus.
1659 2016 1968 2091 Siquidem
2005 2036 2080 2075 ea
2119 2016 2229 2079 die

564 2091 865 2153 traditum
904 2103 995 2151 est
1013 2138 1030 2163 ‚
1056 2096 1366 2151 Romanos
1390 2092 1714 2153 Pontifices
1743 2092 2224 2154 Praedecessores

566 2172 817 2229 Nostros
846 2170 1113 2241 primum
1149 2170 1211 2225 in
1241 2166 1494 2229 Basilica
1527 2170 1698 2228 Beati
1728 2170 1988 2245 Pet-viia
2031 2172 2222 2228 Vati-

564 2266 752 2319 cano,
776 2244 997 2303 deinde
1022 2246 1101 2303 -in
1144 2243 1340 2305 altera
1379 2243 1656 2320 Apostoli
1685 2242 1854 2305 Pauli
1884 2244 2004 2305 via
2046 2247 2222 2305 Osti-

564 2324 731 2395 ensi,
782 2324 1033 2380 Sacrum
1065 2318 1398 2387 immortali
1437 2326 1563 2380 Deo
1599 2323 1666 2381 in
1697 2320 2008 2383 honorem
2039 2323 2220 2381 Prin·

563 2400 765 2473 cipum
794 2393 1232 2471 Apostolorum
1263 2398 1508 2471 fecisse,
1533 2408 1598 2457 et
1627 2402 1976 2457 Romanum
2013 2400 2227 2475 Popu-

562 2471 689 2533 lum
730 2472 1226 2549 frequentissimo
1259 2483 1420 2534 coetu
1441 2518 1458 2545 ,
1506 2483 1570 2533 et
1605 2471 1835 2535 celebri
1867 2493 2225 2545 concursu,

562 2560 893 2625 utramque
934 2548 1285 2623 Basilicam,
1315 2569 1518 2609 sacras
1558 2548 2001 2626 Apostolorum
2045 2548 2220 2611 Reli·

562 2628 735 2703 quias
773 2637 1217 2688 veneraturum
1238 2667 1254 2695 ‚
1286 2627 1548 2686 invisere
1585 2627 1876 2701 solitum3
1913 2628 2114 2685 immo
2139 2627 2224 2687 ad

561 2703 839 2767 eamdem
876 2702 1211 2763 solemnem
1246 2700 1410 2761 diem
1446 2722 1520 2761 ex
1560 2702 1818 2763 diversis
1856 2701 2048 2761 Orbis
2071 2722 2221 2778 par-

560 2780 760 2851 tibus,
789 2776 1302 2843 innumerabilem
1323 2777 1532 2853 populi
1567 2778 2060 2849 multitudinem,
2089 2778 2226 2839 lin-

559 2859 722 2930 guis,
760 2855 1063 2925 moribuS,
1090 2865 1154 2914 et
1180 2855 1532 2929 regionibus
1561 2856 1922 2925 diseretam·¹
1947 2874 2226 2915 venera-

558 2934 743 2992 tionis
778 2944 987 2993 tamen
1020 2952 1162 3007 erga
1206 2936 1532 2993 Beatorum
1566 2930 2006 3011 Apostolorum
2043 2934 2223 2993 cine-

562 3029 691 3082 res,
732 3020 795 3068 et
834 3006 1274 3083 triumphalem
1307 3005 1538 3067 Natalis
1575 3028 1790 3069 eorum
1841 3011 2228 3069 memoriam-

561 3085 849 3145 concordi
895 3084 1189 3161 obsequio
1231 3086 1554 3156 sociatam,
1600 3084 1914 3146 confluere
1947 3104 2228 3147 eonsue-

560 3163 753 3237 visse3
786 3162 1111 3237 Episcopos
1142 3161 1326 3220 etiam
1346 3206 1363 3234 ‚
1401 3159 1676 3237 aliosque
1701 3165 1914 3221 Sacros
1941 3163 2228 3222 Antisti-

560 3247 651 3297 tes
682 3280 701 3310 ‚
738 3236 1029 3297 sublimes
1077 3239 1414 3314 Regiasque
1443 3243 1735 3297 Personas
1757 3279 1773 3307 ‚
1813 3236 1892 3297 ad
1923 3237 2226 3297 eamdem

559 3311 1005 3379 solemnitatem
1030 3315 1364 3376 convenire
1395 3312 1608 3373 solitos
1641 3315 1824 3375 fuisse
1841 3358 1858 3387 ‚
1883 3312 2232 3389 supplices·

561 3410 680 3465 que
720 3411 807 3459 se,
818 3412 1081 3469 suasque
1120 3412 1385 3453 coronas
1419 3390 1496 3451 ad
1525 3390 1710 3468 pedes
1749 3390 2076 3454 Piscatoris
2097 3402 2232 3471 „et
