2434 3992
668 176 797 241 250
1177 171 1566 235 Bmmmcn
1610 166 1785 263 XIV3

404 294 615 347 Ροιετ.
671 274 933 351 vocant,
969 276 1298 347 tradendi,
1351 284 1459 336 seu
1504 274 1638 335 aliis
1659 321 1674 346 ‚
1707 272 1868 349 siqui
1919 284 2066 333 sunt
2091 318 2106 346 ,
2143 295 2274 350 prae-

424 362 489 409 A.
511 358 602 413 IV.
674 361 998 434 scriptam,
1030 366 1094 416 et
1128 354 1472 415 definitam.
1495 352 1799 411 Praedictis
1833 360 2042 409 autem
2073 350 2275 409 emolu-

674 436 898 509 mentis
935 432 1131 491 futuri
1168 429 1435 507 quilibet
1477 424 1993 502 Pro-Sigillatores
2035 431 2278 485 contenti

588 535 591 541 ·
676 530 802 570 esse
847 508 1196 580 debebunt,
1254 506 1741 583 quibuscumque
1798 504 1861 561 in
1927 505 2275 561 contrarium

674 604 801 645 non
844 585 1256 645 obstantibus.
2145 584 2158 591 “

409 678 575 739 Cura,
602 676 674 729 et·
752 661 807 741 3.
852 662 948 740 37.
988 660 1328 721 Archivum
1369 676 1556 731 porro
1599 655 2104 724 Poenitentiariae,
2138 656 2276 731 quod

378 744 603 795 admini·
678 738 1190 798 Praedecessorum
1209 744 1558 795 nostrorum
1576 731 1968 806 providentia
1980 732 2280 807 inAposto·

374 810 657 861 ”ruffi-⁴¹·
677 813 809 874 licis
840 816 1063 873 nostris
1079 812 1332 871 AEdibus
1350 809 1664 873 Vaticanis
1683 806 2049 865 collocatum
2080 810 2273 884 reperi·

376 878 538 932 chivi.
676 902 814 963 tur,
838 896 1131 967 cujusque
1159 888 1528 963 praecipuam
1547 904 1758 943 curam
1777 928 1793 956 ,
1813 884 2172 943 inhaerentes
2189 905 2273 944 sae·

675 970 1107 1044 pememoratis
1131 960 1632 1041 dispositionibus
1655 965 1718 1018 S.
1738 962 1822 1019 Pii
1840 966 2012 1035 Papae
2033 966 2108 1020 V.
2141 963 2276 1020 inter

677 1056 936 1102 munera
984 1038 1348 1117 Sigillatoris'
1419 1039 1698 1111 superius
1755 1039 2227 1097 enumeravimus
2261 1084 2274 1109 ‚

677 1120 767 1177 ita
812 1122 999 1195 ipsius
1033 1115 1390 1193 sigillatoris
1417 1113 1621 1172 studio
1639 1154 1656 1183 ,
1681 1123 1744 1171 et
1778 1111 2089 1188 vigilantia
2113 1114 2271 1173 admi-

679 1196 1077 1266 nistrabitur,
1124 1203 1195 1252 ut
1227 1210 1295 1251 ea
1333 1190 1614 1266 quidem,
1647 1209 1782 1265 quae
1821 1188 1922 1250 vel
1953 1189 2030 1247 ad
2069 1190 2271 1265 expedi·

680 1273 879 1330 tiones
918 1272 1169 1330 Minoris
1208 1269 1442 1346 Gratiae
1464 1306 1482 1331 ,
1519 1264 1620 1326 vel
1653 1264 1731 1323 ad
1759 1264 2074 1340 publicum
2111 1267 2272 1325 Poeni-

680 1349 985 1406 tentiariae
1024 1356 1288 1414 statum,
1337 1353 1402 1402 et
1439 1343 1708 1416 regimen
1747 1343 2098 1417 pertinent,
2140 1362 2272 1417 quae-

681 1440 804 1497 que
847 1445 883 1481 a
923 1420 1402 1497 Pro-Sigillatore
1423 1462 1439 1489 ‚
1483 1418 1556 1476 ut'
1593 1438 1776 1493 supra
1796 1462 1812 1489 ‚
1843 1420 2164 1488 asservari,
2187 1438 2273 1476 sen

590 1560 595 1565 ,
678 1500 1017 1573 respective
1059 1494 1358 1561 describi,
1403 1504 1468 1552 et
1509 1496 1798 1569 regestari
1837 1493 2064 1553 debere
2099 1494 2272 1551 decre·

680 1575 879 1632 vimus
906 1619 921 1643 ‚
963 1574 1155 1651 possit
1194 1571 1394 1631 eidem
1432 1568 1900 1645 Pro-Sigillatori
1939 1572 2006 1629 in
2037 1569 2276 1630 Archivo

677 1650 971 1723 praedi'cto
1011 1647 1392 1724 disponenda
1418 1692 1434 1718 ‚
1486 1656 1548 1704 et
1583 1646 2002 1710 conservanda
2032 1648 2273 1705 commit-

678 1734 833 1783 tere.
866 1727 994 1784 ”Hic
1042 1736 1250 1784 autem
1293 1723 1734 1781 demandatum
1765 1722 1886 1780 sibi
1933 1742 2184 1793 munus,
2215 1742 2270 1780 ω
2365 1758 2367 1777 .

680 1820 800 1877 qua
828 1822 941 1877 par
974 1813 1066 1860 est
1093 1848 1108 1873 ,
1142 1799 1454 1875 diligentia
1481 1808 1543 1857 et
1579 1798 1699 1857 fide
1723 1797 1979 1873 implere
2003 1808 2269 1857 teneatur.

378 1911 455 1958 De
484 1910 651 1960 Sem,
754 1876 811 1953 3.
852 1874 948 1934 38.
986 1884 1133 1951 Quae
1166 1894 1315 1935 vero
1359 1875 1599 1949 negotia
1631 1894 1750 1949 per
1789 1876 2271 1945 Poenitentiariam
2320 1894 2326 1901 ·

377 1974 500 2025 tiori
560 1977 655 2025 Ar·
682 1954 874 2027 ipsam
908 1998 923 2023 ‚
954 1959 1138 2027 'iuxta
1192 1948 1536 2010 facultates·
1573 1970 1713 2009 suas
1770 1950 2111 2009 ordinarias
2137 1994 2152 2020 ‚
2193 1948 2270 2009 vel

378 2041 548 2096 chivo.
677 2030 859 2086 etiam
912 2028 1143 2085 virtute
1196 2024 1552 2103 specialium
1603 2024 2014 2086 Oraculorum
2049 2028 2271 2085 Romani

676 2102 983 2161 Pontificis
1005 2148 1021 2174 ‚
1053 2104 1116 2161 in
1159 2100 1638 2177 particularibus
1671 2102 2040 2177 quibusdam
2071 2102 2274 2161 casibus

676 2194 1101 2236 concessorum
1132 2224 1147 2251 ‚
1192 2196 1306 2254 per
1356 2178 1628 2255 eiusdem
1669 2180 2135 2237 Poenitentiariae
2157 2184 2269 2236 Pro·

676 2265 1027 2323 curatores,
1064 2274 1169 2312 seu
1216 2257 1584 2313 Secretarios
1622 2255 1891 2329 expediri
1929 2254 2161 2328 solent3
2191 2274 2268 2313 eo·

673 2346 812 2387 rum
831 2332 1109 2387 omnium
1172 2349 1530 2404 uaecumque
1545 2332 1894 2391 conservari
1911 2340 2270 2390 monumenta

676 2406 987 2483 oportebit
1010 2450 1027 2477 ‚
1062 2424 1139 2465 ve
1164 2408 1256 2464 uti
1291 2404 1774 2481 &applicationes
1794 2448 1809 2474 ,
1841 2417 1906 2465 et
1937 2406 2056 2466 alia
2086 2426 2202 2481 quae
2221 2408 2268 2463 in

671 2480 1173 2571 superius'dictis
1215 2484 1378 2540 circa
1416 2480 1796 2556 Scriptorum
1855 2503 2111 2541 munera
2157 2483 2269 2541 atti-

655 2576 874 2631 gimus
888 2603 904 2629 ‚
932 2576 1003 2616 ea
1018 2558 1230 2617 omnia
1253 2560 1318 2616 in
1337 2555 1534 2617 altera
1553 2566 1730 2631 parte
1743 2559 2018 2634 eiusdem
2039 2558 2267 2626 Archivi‚

670 2632 778 2692 sed
822 2635 889 2693 in
934 2636 1221 2694 Armario
1245 2679 1262 2707 ‚
1303 2654 1412 2693 seu
1456 2634 1758 2693 Armariis
1797 2633 2058 2705 clausis,
2093 2644 2152 2692 et
2183 2632 2268 2693 ob·
2362 2646 2363 2657 ¹

580 2753 588 2758 -
671 2712 889 2769 seratis
920 2714 1216 2786 seposita,
1255 2720 1702 2769 conserventur
1739 2719 1804 2767 et
1839 2710 2264 2778 custodiantur,

672 2786 791 2845 sub
840 2805 987 2845 cura
1030 2786 1219 2845 solius
1264 2784 1640 2862 Sigillatoris.
1676 2787 1794 2859 Qui
1840 2788 2140 2847 tamenin
2177 2786 2268 2843 hoc

671 2863 765 2920 uti
792 2863 1029 2937 poterit
1066 2880 1252 2938 opera
1275 2908 1292 2935 ‚
1327 2872 1392 2921 et
1419 2860 1646 2921 auxilio
1676 2864 2146 2921 Procuratorum
2167 2866 2260 2920 Poe·

671 2939 1042 2997 nitentiariae
1067 2984 1083 3011 ‚
1114 2948 1380 3015 quorum
1410 2940 1598 2996 etiam
1633 2936 1818 2996 alicui
1859 2938 2158 2998 dictorum
2183 2942 2264 2997 Ar·

670 3017 1009 3073 mal-iorum
1046 3012 1280 3073 clavem
1307 3014 1458 3073 dare
1485 3016 1722 3089 poterit
1753 3014 2154 3075 retinendam.
2187 3016 2258 3071 Se·
2360 3080 2361 3087 ἵ

670 3088 819 3149 dulo
845 3100 1053 3148 autem
1077 3110 1296 3149 curare
1309 3090 1566 3149 debebit
1583 3136 1602 3161 ‚
1620 3101 1722 3161 ut,
1743 3110 1962 3150 eorum
1987 3090 2256 3155 omnium,
2360 3088 2361 3117 ³

670 3184 805 3239 quae
832 3167 913 3223 in·
946 3164 1060 3223 hac
1095 3168 1411 3225 secretiori
1457 3167 1709 3227 Archivi
1739 3177 1922 3243 parte
1961 3164 2258 3235 custodien-

670 3250 808 3308 tur,
851 3260 1029 3299 suum
1064 3262 1314 3319 quoque
1352 3244 1776 3302 Inventarium
1803 3288 1820 3317 ‚
1861 3262 1933 3303 ac
1981 3242 2258 3318 Regestum

669 3315 1070 3392 conficiaturg
1108 3323 1214 3380 cui·
1255 3318 1570 3395 similiter,
1613 3336 1748 3395 quae
1795 3316 2256 3397 supervenerint,

662 3387 1123 3459 adscribantur.
