2434 3992
757 134 1209 215 BULLARmn.
1667 146 1790 239 295

184 240 669 315 Praedecessor'um
694 258 1053 315 Nostrorum
1072 256 1592 317 declarationibus
1607 304 1624 327 ‚
1647 279 1788 317 ean·
1848 271 1892 320 A
1915 286 1948 321 u
1972 287 2003 321 ιι
2023 286 2058 321 ο

186 332 305 391 dem
368 328 593 388 scilicet
653 328 923 405 Bullam,
968 345 1272 407 quantum
1321 334 1400 393 ad
1457 333 1790 393 articulum
1888 336 2033 403 1744·

186 406 421 481 eligendi
444 406 917 467 'confessarium
949 450 965 481 ,
1008 430 1191 486 seque
1229 431 1264 468 a
1301 409 1540 469 casibus
1597 428 1788 470 reser·
1811 419 2093 485 gularibuu,

186 485 319 543 vatis
355 481 592 542 absolvi
631 482 929 557 faciendi,
970 504 1355 561 nequaquam
1383 484 1790 563 Regularibus
1811 486 2090 562 ψξῡίᾶθίθ·

184 559 512 634 suffi·agari;
541 559 720 633 Quod
757 565 879 619 Nos
905 562 1089 622 etiam
1126 574 1422 636 perpetuo
1448 563 1790 623 tenendum
1811 561 2040 603 ⁰²¹0¹²⁶m

185 646 346 710 atque
384 635 813 703 sentiendum,
870 636 1227 695 eorumdem
1275 617 2093 705 Praedecessor11m09¹¹f0⁸⁸⁸·

185 716 524 771 Nostrorum
580 710 899 787 exemplo,
948 712 1229 771 similiter
1273 712 1689 787 declaramus,
1731 726 1794 775 et
1815 702 1896 734 ru.

185 789 537 847 contrariam
602 796 1055 864 quamcumque
1112 791 1466 863 opinionem
1535 795 1626 849 uti
1685 788 1792 849 fal»

184 884 328 997 iam,
374 874 437 923 et
478 864 887 941 perniciosam
918 910 935 937 ,
976 858 1435 938 interdicimus,
1473 876 1536 925 et
1587 886 1792 941 repro-

218 960 395 999 nmus.
986 980 989 985 -

244 1091 292 1170 §.
320 1086 379 1150 8.
418 1098 833 1153 Decet-nentes
870 1105 1197 1168 praesentes
1239 1104 1479 1155 nostras
1527 1096 1798 1167 Literas.,
1835 1095 2096 1148 Clmsulae

184 1172 319 1227 etin
360 1171 445 1230 eis
504 1180 799 1229 contenta
840 1180 1279 1246 quaecumque,
1325 1172 1510 1230 etiam
1561 1192 1632 1231 ex
1689 1180 2089 1245 e0‚P‚‘⁸2³⁶¹V⁸·

184 1245 326 1319 quod
357 1244 623 1321 quilibet
667 1247 728 1305 in
764 1248 1118 1321 praemissis,
1156 1268 1262 1306 seu
1309 1267 1526 1307 eorum
1557 1247 1797 1324 aliqum
1824 1238 1959 1279 uvae.

183 1325 286 1395 jus,
318 1321 417 1381 vel
446 1324 737 1383 interesse
781 1322 1074 1381 habentes
1094 1368 1111 1389 ,
1139 1344 1247 1383 seu
1273 1322 1504 1383 habere
1541 1344 1798 1401 quomo·-

183 1394 392 1457 dolibet
434 1399 920 1475 praetendentes,
966 1402 1238 1476 cujusvis
1273 1410 1500 1471 status,
1537 1402 1799 1476 gradus,

185 1474 447 1545 Ordinis,
488 1474 989 1551 praeeminentiae‚
1020 1474 1117 1536 vel
1156 1476 1472 1551 dignitatis
1505 1479 1799 1552 existant,

184 1548 288 1607 sive
334 1549 489 1609 alias
534 1548 848 1625 specifica,
892 1562 955 1609 et
994 1551 1314 1613 individua
1351 1556 1699 1628 mentione,
1737 1566 1802 1615 et

184 1627 546 1705 expressione
588 1626 795 1701 digni,
835 1624 954 1685 illis
1001 1646 1126 1685 non
1184 1630 1637 1701 consenserint,
1688 1652 1801 1693 nec

184 1700 245 1759 ad
286 1720 358 1761 ea
404 1703 653 1766 vocati,
703 1712 766 1760 et
800 1701 1034 1773 auditi,
1072 1722 1274 1777 neque
1320 1723 1514 1761 causae
1595 1716 1804 1781 roptcr

185 1796 309 1849 quas
352 1776 586 1835 eaedem
620 1786 947 1851 praesentes
989 1780 1450 1853 emanaverint,
1491 1725 1803 1851 adliuctae⁹

186 1850 492 1913 verificatae
510 1895 527 1924 ‚
569 1851 669 1912 vel
695 1852 1091 1925 sufficienter,
1124 1865 1235 1913 aut
1260 1853 1392 1914 ullo
1419 1855 1602 1915 modo
1631 1859 1804 1932 justi-

186 1926 351 1989 ficatae
376 1930 651 1999 fuerint,
670 1940 781 1989 aut
812 1949 880 1987 ex
911 1927 1028 1987 alia
1052 1930 1363 2004 qualibet,
1392 1933 1575 1991 etiam
1651 1948 1803 1991 uan-

183 2007 389 2066 tumvis
432 2004 697 2083 juridica
720 2051 736 2075 ‚
790 2016 851 2064 et
896 2006 1280 2081 privilegiata
1306 2026 1521 2082 causa,
1557 2028 1629 2067 co
1657 2029 1802 2081 ore,

184 2090 481 2153 praetextu,
508 2092 569 2141 et
584 2083 783 2158 capite
799 2121 815 2153 ‚
841 2084 1023 2139 etiarn
1051 2085 1111 2143 iu
1134 2086 1558 2161 corporejuris
1577 2084 1802 2157 claus0‚

185 2153 337 2216 nullo
360 2177 643 2234 unquam
666 2169 944 2227 tempore
974 2158 1051 2217 de
1082 2159 1498 2236 subreptionis
1516 2206 1532 2233 ‚
1570 2160 1668 2221 vel
1693 2162 1801 2222 ob·

186 2236 459 2309 reptionis
484 2276 503 2305 ,
545 2244 654 2293 aut
703 2232 1009 2301 nullitatis
1062 2236 1248 2307 vitio,
1294 2257 1398 2295 seu
1445 2238 1804 2299 intentionis

187 2321 388 2371 nostrae
420 2354 435 2379 ,
496 2321 606 2369 aut
660 2312 952 2369 interesse
1018 2308 1382 2369 habentium
1433 2332 1802 2385 consensuS‚

187 2382 363 2446 aliove
404 2384 721 2463 quolibet,
766 2388 947 2445 etiam
990 2389 1406 2460 quamtumvis
1451 2410 1706 2465 magum
1735 2412 1805 2451 ac

190 2460 451 2535 formali,
496 2473 559 2521 et
598 2460 986 2523 substantiali
1024 2460 1268 2522 defectu
1313 2466 1553 2535 notari,
1606 2468 1802 2542 impu.

190 2541 376 2613 gnari,
420 2539 739 2618 infringi,
789 2541 1149 2609 retractari,
1206 2540 1272 2597 in
1325 2546 1806 2602 controversiam

190 2619 377 2677 vocari
404 2662 420 2693 ‚
462 2627 576 2677 aut
615 2616 695 2677 ad
737 2617 1034 2678 terminos
1078 2617 1230 2693 iuris
1269 2614 1515 2689 reduci,
1553 2638 1660 2677 seu
1697 2618 1801 2677 ad·

190 2708 379 2754 versus
422 2692 559 2755 illas
594 2693 951 2769 aperitionis
982 2693 1141 2763 oris,
1178 2692 1585 2753 restitutionis
1621 2696 1686 2753 in
1715 2696 1806 2754 in-

193 2774 407 2843 tegrum
430 2816 449 2844 ‚
490 2769 737 2831 aliudve
776 2768 1209 2846 quodcumque
1242 2770 1429 2845 iuri5‚
1477 2770 1658 2840 facti,
1710 2772 1806 2831 vel

192 2848 373 2916 gratiae
408 2846 752 2905 remedium
791 2847 1086 2905 intentari
1116 2890 1133 2918 ,
1170 2845 1270 2907 vel
1313 2846 1667 2921 impetrari,
1697 2859 1807 2908 aut

192 2920 357 2979 etiam
410 2933 589 2983 motu
627 2923 799 2999 pari,
838 2932 900 2981 et
940 2922 1018 2980 de
1062 2922 1428 2999 Apostolicae
1487 2927 1806 2999 potestatis

193 2992 555 3067 plenitudine
577 2997 759 3059 simili
794 3018 1081 3059 concesso
1100 3044 1115 3069 ‚
1142 2998 1242 3061 vel
1277 3010 1564 3059 emanato
1594 3020 1804 3077 quem·

194 3070 339 3143 piam
369 3075 433 3133 in
472 3073 730 3152 judicio,
762 3072 862 3137 vel
892 3086 1071 3135 'extra
1102 3075 1258 3135 illud
1309 3078 1400 3135 uti
1419 3122 1434 3145 ,
1475 3096 1582 3135 seu
1617 3097 1682 3136 se
1713 3083 1806 3154 ju-

194 3163 323 3207 vare
355 3148 486 3210 ullo
514 3152 695 3211 modo
718 3170 893 3226 posse
912 3198 927 3226 ‚
965 3152 1071 3211 sed
1106 3154 1266 3227 ipsas
1303 3162 1629 3228 praesentes
1651 3173 1805 3223 sem·

195 3238 291 3293 per
340 3226 545 3285 firmas
578 3268 595 3295 ‚
658 3226 923 3299 validas,
964 3238 1025 3287 et
1080 3228 1348 3287 efficaces
1396 3231 1697 3303 existere,
1747 3240 1810 3290 et

197 3296 345 3383 ipre,
370 3322 633 3381 suosque
652 3302 959 3378 plenarios
976 3350 993 3375 ‚
1025 3315 1087 3363 et
1112 3306 1382 3377 integros
1403 3303 1653 3365 effectus
1679 3308 1804 3367 sor·

199 3376 323 3451 tiri,
346 3389 407 3437 et
438 3378 751 3454 obtinere,
782 3400 853 3439 ac
890 3380 971 3441 ab
1008 3378 1126 3440 illis
1158 3380 1237 3439 ad
1267 3400 1420 3457 quos
1445 3392 1677 3457 spectat
1697 3426 1714 3453 ‚
1743 3394 1806 3445 et
