2434 3992
708 157 1153 229 anniaium.
1627 162 1752 229 513
1810 165 1858 219 A
1880 180 1913 219 ιι
1929 182 1961 218 ιι
1983 182 2015 216 0

142 269 430 331 tutionem
472 268 662 329 vobis
698 272 872 330 enixe
916 270 1292 331 inculcantes
1342 289 1363 328 .·
1405 280 1478 330 ut
1525 268 1754 333 scilicet
1845 234 1985 303 ¹744·

145 351 299 407 Missa
323 344 759 407 conventualis
776 390 793 418 ‚
821 367 955 425 quae
989 344 1241 423 singulis
1267 345 1486 406 diebus
1505 348 1754 409 canitur

148 444 177 482 a
202 421 369 483 Clero
404 422 837 499 praedictarum
878 422 1278 483 Ecclesiarum
1300 469 1317 496 ,
1405 443 1474 481 ro
1507 442 1750 485 earum·
1816 476 1824 485 .

145 498 263 559 dem
288 497 781 563 Benefactoribus
818 501 883 561 in
916 520 1136 575 genere
1174 502 1346 579 quoti
1397 502 1452 559 ie
1486 499 1750 577 applice-

148 585 266 651 ειη-ς
302 575 518 637 eodem
552 594 807 651 prorsus
854 577 1070 650 inodo,
1122 594 1248 651 quo
1285 578 1523 636 Missam
1566 596 1748 653 paro·

145 650 373 711 chialem
422 650 507 711 ab
548 654 623 710 iis
662 654 773 729 qui
817 672 1031 713 curam
1076 652 1440 713 Animarum
1485 662 1709 729 gerunt
1729 696 1748 727 ,

144 725 477 806 proPopnlo
511 727 629 788 sibi
654 730 975 789 commisso
992 773 1009 799 ,
1028 726 1282 805 singulis
1301 726 1515 789 saltem
1533 728 1751 789 diebus

146 806 309 863 Festis
352 805 431 865 de
465 814 773 881 praecepto
796 851 813 879 ‚
856 803 1149 882 applicari
1190 802 1418 865 debere
1470 807 1752 883 superius

145 878 593 943 declaravimus.

202 953 251 1034 S.
292 974 378 1017 12.
421 963 645 1033 Itaque
686 956 830 1017 date
868 974 1158 1035 operam,
1208 968 1282 1021 ut
1335 954 1549 1018 salsam
1598 976 1748 1033 quo·
1805 966 1912 1020 Nec
1935 968 2049 1019 aut·-

146 1032 376 1093 mndam
422 1036 778 1109 opinionem
827 1032 1149 1095 eliminetis
1170 1078 1187 1105 ,
1223 1054 1409 1115 quam
1441 1037 1502 1095 in
1533 1031 1748 1111 aliqui·
1773 1033 2015 1113 fraga-itur·

146 1106 235 1167 bus
268 1108 543 1169 Ecclesiis
568 1109 867 1188 ejusmodi
883 1155 900 1185 ,
938 1112 1065 1171 sive
1089 1108 1234 1171 dolo
1257 1109 1420 1171 'malo
1437 1154 1455 1184 ,
1485 1112 1612 1171 sive
1639 1129 1752 1187 per
1773 1102 2050 1169 ⁸99¹¹0¹t¹⁰

144 1203 388 1247 errorem
432 1188 741 1247 invectam
772 1206 901 1247 esse
939 1188 1222 1249 novimus
1265 1208 1283 1247 ε
1318 1186 1487 1264 quod
1535 1206 1752 1263 nempe
1807 1185 1867 1220 ‘⁰
1909 1174 2051 1286 {⁰¹¹³

144 1260 267 1321 dum
307 1265 487 1323 Missa
540 1262 983 1325 conventualis
1027 1283 1142 1341 pro
1184 1275 1357 1325 certo
1395 1262 1605 1340 aliquo
1640 1268 1750 1323 Ee·
1773 1252 1914 1356 emt
1931 1252 1982 1286 ⁸⁶

144 1334 304 1399 clesiae
346 1338 743 1402 Benefactore
770 1382 785 1410 ‚
832 1338 925 1401 vel
1007 1342 1128 1401 rati
1179 1341 1371 1401 animi
1417 1352 1485 1400 er
1525 1360 1562 1399 o
1589 1384 1605 1412 ,
1652 1338 1755 1400 vel
1920 1338 1933 1351 '

145 1433 197 1473 ex
226 1417 281 1475 vi
316 1418 525 1477 oneris
562 1418 862 1494 impositi,
895 1438 963 1477 ce
988 1415 1245 1479 ebratur
1275 1428 1338 1477 et
1373 1437 1452 1493 ap
1521 1419 1749 1490 icatur,

145 1491 261 1553 satis
291 1490 617 1570 impletum
653 1504 973 1553 censeatur
1010 1493 1292 1555 debitum
1323 1514 1445 1570 app
1473 1495 1752 1553 icationis

145 1568 298 1631 Μίδεω
330 1568 802 1643 Conventualis.
826 1571 1067 1631 Etenim
1092 1569 1443 1647 huiusmodi
1469 1570 1792 1630 debitum·-

146 1663 241 1704 non
274 1645 533 1723 quidem
576 1644 823 1720 respicit
858 1643 1189 1720 singulares
1228 1644 1464 1721 aliquos
1502 1646 1748 1706 Benefa-

142 1729 311 1781 ctores
332 1766 349 1793 ‚
399 1720 505 1780 sed
548 1721 969 1780 Benefactores
1016 1721 1116 1778 in*
1150 1740 1369 1795 genere
1425 1721 1754 1795 cuiuslibet

147 1795 395 1857 Ecclesiae
414 1840 433 1868 ,
467 1802 641 1873 cujus
672 1797 925 1856 servitio
951 1794 1175 1859 addicti
1204 1807 1350 1857 sunt
1381 1797 1754 1873 quicumque

147 1873 191 1934 in
212 1871 423 1933 eadem
450 1874 579 1933 sive
605 1873 970 1950 Dignitates,
999 1872 1127 1931 sive
1154 1872 1568 1937 canonicatus
1587 1916 1603 1945 ,
1625 1876 1754 1933 sive

148 1950 666 2021 mansionariatus,
718 1949 843 2011 sive
896 1948 1195 2013 Beneficia
1247 1946 1538 2009 choralia
1591 1948 1750 2008 obti-

148 2038 297 2101 nent,
337 2038 403 2087 et
444 2028 687 2086 Missam
718 2024 1206 2087 conventualem
1251 2027 1378 2087 suis
1415 2027 1752 2101 respective

149 2103 351 2163 vicibus
394 2101 735 2163 celebrant.
2012 2167 2024 2178 ,

201 2178 250 2257 §-
287 2180 374 2239 13.
418 2184 628 2263 Neque
670 2180 875 2243 minus
928 2176 1396 2257 improbandam
1453 2181 1748 2241 noveritis
1791 2165 1896 2219 Nec
1915 2185 2053 2235 ΡΜ·

152 2250 375 2315 aliorum
412 2255 780 2317 sententiam
805 2298 822 2324 ,
953 2253 973 2310 i
1016 2254 1161 2315 satis
1206 2263 1432 2333 putant
1464 2240 1849 2333 su1iradi·¹?¹'
1887 2237 2016 2286 ²¹²⁶·

152 2338 283 2391 ctam
303 2330 739 2413 obligationem
756 2332 884 2406 imp
908 2340 1071 2395 etam
1090 2348 1217 2390 esse
1235 2372 1251 2400 ,
1269 2330 1419 2389 dum
1443 2332 1506 2391 in
1531 2352 1745 2394 eorum
1769 2318 1877 2381 ¹'!‘¹⁸.
1898 2318 2052 2369 ἔπ’·

151 2406 392 2469 Ecclesiis
435 2429 553 2492 pro
580 2404 1109 2473 ·Benefactoribus
1143 2406 1207 2463 in
1258 2424 1477 2480 genere
1531 2407 1748 2487 aliquae
1769 2384 2053 2488 2¹:193:ss

153 2480 429 2545 interdum
472 2504 679 2562 preces
730 2484 921 2556 fiunt,
967 2479 1068 2542 vel
1114 2482 1534 2543 anniversaria
1576 2488 1752 2545 statis
1774 2500 2015 2551 anniver-

152 2557 331 2624 diebus
351 2563 652 2627 Sacrificia
669 2580 783 2639 pro
804 2558 921 2619 illis
944 2567 1350 2637 peraguntur.
1382 2561 1572 2617 Nemo
1588 2563 1752 2621 enim
1774 2566 1910 2617 sari·
1963 2566 2050 2629 Sa.

154 2635 201 2693 id
231 2638 335 2697 sibi
368 2659 657 2717 arrogare
700 2636 920 2709 debet,
959 2646 1032 2697 ut
1075 2635 1373 2716 impositae
1399 2634 1756 2712 obligationi
1774 2632 1989 2688 crificia.

156 2710 249 2774 alia
285 2718 521 2775 ratione
552 2715 895 2776 satisfacere
918 2712 1139 2789 possit,
1180 2731 1366 2789 quam
1406 2730 1479 2773 ea
1502 2757 1517 2784 ,
1552 2730 1685 2789 quae
1715 2734 1754 2775 a

156 2790 279 2865 Lege
311 2790 725 2852 Ecclesiastica
758 2788 1069 2851 multoties
1092 2790 1445 2865 praescripta
1473 2790 1623 2864 luit3
1659 2793 1749 2849 ni-

157 2867 346 2928 mirum
397 2871 643 2929 Missam
688 2863 1178 2928 conventualem
1229 2862 1479 2941 singulis
1508 2865 1752 2926 -diehus

157 2956 247 3014 pro
268 2944 757 3006 Benefactoribus
784 2941 1152 3004 celebrando
1170 2986 1185 3014 ,
1228 2942 1608 3019 eandemque
1637 2962 1751 3021 pro

158 3014 252 3078 illis
276 3022 333 3081 in
367 3042 589 3100 genere
626 3019 1013 3099 applicando.
1214 3024 1220 3029 '

216 3092 264 3172 S·
302 3094 389 3174 14.
429 3099 707 3160 Profecto
741 3117 865 3157 non
908 3095 1107 3157 solum
1138 3093 1449 3169 prioribus
1474 3094 1749 3157 Ecclesiae
1804 3085 1959 3136 Rffi⁰
2000 3095 2055 3137 et
2141 3106 2164 3117 “

161 3170 373 3249 seculis,
412 3196 629 3236 verum
672 3176 857 3234 etiam
891 3171 1270 3248 temporibus
1303 3169 1469 3230 haud
1501 3172 1678 3251 longe
1711 3195 1748 3235 a
1769 3152 1910 3232 9⁶⁸⁰
1943 3152 2044 3233 ¹¹9·

163 3259 349 3342 nostra·
385 3263 563 3342 aetate
582 3330 591 3342 ι
610 3251 861 3341 remotis
880 3294 893 3319 ,
948 3246 1159 3338 (quod,
1187 3251 1312 3309 Vos
1369 3268 1438 3307 ex
1482 3252 1748 3311 Historia
1770 3224 2049 3356 ζὶῖῗὲἰῗίιο.

163 3324 401 3387 Ecclesiae
469 3328 745 3388 didicisse
814 3346 939 3386 non
1011 3322 1406 3399 dubitamus)
1467 3329 1746 3388 servaba-

95 3400 97 3427 ²
166 3402 553 3537 tuiieolimHin
597 3403 849 3480 singulis
902 3399 1177 3463 Ecclesiis
1228 3401 1438 3537 series)
1465 3418 1748 3470 accurata
1773 3370 1872 3407 ω’

268 3498 379 3539 om.
491 3521 508 3538 ο
