2434 3992
257 2259 380 2307 ΠΜ.
420 2253 504 2304 die

513 152 642 220 484
1041 154 1429 219 Bannmcn
1478 152 1656 219 XIV.

444 315 455 329 ,
515 262 782 329 tuimus,
827 270 890 320 et
927 260 1377 337 deputavimus.
1430 266 1519 319 De
1556 259 1915 337 huiusmodi
1949 274 2172 323 autem

515 337 918 414 deputatione
951 340 1431 396 Fraternitatem
1472 342 1665 395 Tuam
1703 340 2040 397 certiorem
2076 340 2171 399 fa-

515 415 782 487 cientes,
824 419 910 473 Te
943 432 1265 489 rogamus,
1304 422 1368 471 et
1412 414 1474 471 in
1505 414 1766 472 Domino
1809 414 2172 487 hortamur,

515 511 585 551 ac
631 490 767 549 Tibi
807 488 1170 549 mandamus
1196 534 1213 563 ,
1262 498 1335 549 ut
1372 486 1547 547 illum
1582 488 1785 549 isthuc
1824 490 2170 551 advenien-

515 578 638 626 tem
667 610 682 639 ‚
731 585 860 625 non
913 562 1111 625 solum
1148 566 1254 637 iis,
1298 584 1434 641 quoe
1470 564 1868 625 venerabiles
1912 571 2177 627 Fratres

513 643 792 721 Episcopi
847 649 1036 717 atque
1085 640 1269 718 huius
1316 644 1547 699 Sancta».
1585 640 1749 699 Sedis
1792 640 2175 721 Administri

514 720 577 776 in
623 717 1044 775 remotissimis
1091 716 1428 793 praesertim
1470 716 1842 791 Regionibus
1894 738 2170 777 commo·

514 802 724 852 rantes
763 794 1028 853 invicem
1077 792 1194 850 sibi
1238 802 1527 867 praestare
1565 791 1829 863 debent,
1876 791 2167 852 humani·

513 867 660 929 tatis
685 912 702 940 ‚
727 866 950 942 studii,
992 875 1056 926 et
1087 866 1381 937 fraternae,
1412 868 1685 927 caritatis
1724 876 1790 927 et
1822 868 2175 929 concordiae

515 942 1062 1021 significationibus
1093 950 1231 1003 tum
1268 943 1526 1021 privatis
1547 987 1564 1015 ,
1603 952 1741 1003 tum
1770 942 2035 1019 publicis
2067 964 2169 1005 ex-

516 1021 751 1097 cipias3
794 1040 1007 1079 verum
1053 1020 1277 1093 etiam,
1327 1018 1701 1094 ubicumque
1745 1038 1899 1095 opus
1939 1020 2159 1094 fuerit,

518 1106 582 1155 et
619 1116 716 1155 res
757 1095 1206 1172 postulaverit,
1240 1098 1449 1155 omnia
1490 1095 1687 1155 eidem
1742 1104 1889 1155 nota
1923 1096 2115 1155 facere
2137 1141 2159 1168 ‚

518 1182 706 1249 atque
768 1191 946 1247 opem
985 1216 1001 1241 ‚
1061 1170 1413 1248 praesidium
1440 1216 1457 1239 ,
1514 1170 1925 1247 auxiliumque
1982 1183 2159 1231 tuum

517 1247 912 1307 commodare
946 1256 1182 1323 satagas
1215 1258 1281 1307 et
1318 1246 1639 1307 adnitaris.
1684 1253 1843 1321 Quas
1878 1268 2021 1308 sane
2050 1246 2163 1306 de·

518 1324 664 1383 bitae
706 1332 826 1385 tuae
871 1342 1015 1399 erga
1051 1326 1209 1395 NoS,
1252 1332 1315 1383 et
1357 1320 1773 1398 Apostolicam
1810 1322 1968 1382 hane
2012 1328 2160 1383 San·

520 1411 682 1459 ctam
718 1400 932 1461 Sedem
985 1397 1390 1461 observantiae
1428 1399 1915 1474 obedientiaeque
1957 1410 2171 1475 partes

517 1477 741 1551 maiori
771 1521 787 1546 ‚
845 1495 1032 1551 quam
1073 1478 1195 1535 Nos
1241 1477 1532 1549 augurari
1570 1476 1902 1551 possimuS‚
1948 1474 2162 1535 alacri-

521 1561 680 1622 tate,
723 1570 794 1608 ac
835 1550 1159 1609 voluntate
1207 1571 1245 1609 a
1290 1549 1705 1610 Fraternitate
1736 1556 1867 1609 Tua
1926 1572 1995 1609 re
2040 1553 2167 1630 ipsa

519 1623 847 1702 explendas
874 1671 891 1698 ,
929 1625 1078 1684 dum
1113 1626 1303 1687 Nobis
1323 1638 1496 1685 certo
1521 1625 1885 1703 pollicemur
1909 1672 1929 1698 ‚
1964 1632 2163 1687 Pasto-

521 1722 662 1761 rum
709 1702 1056 1778 Principem
1119 1707 1325 1761 Jesum
1369 1702 1691 1761 Christum
1720 1744 1735 1771 ,
1793 1708 1973 1777 ouius
2008 1703 2169 1764 vices

519 1782 922 1837 immerentes
945 1777 1277 1852 gerinum,
1336 1776 1636 1853 supplices
1696 1779 2046 1852 poscimus,
2098 1789 2169 1837 ut

521 1874 710 1931 quam
749 1864 919 1913 certe
957 1853 1263 1913 mandatis
1306 1856 1539 1913 Nostris
1590 1852 2083 1927 obtemperando
2130 1872 2165 1911 a

523 1930 732 1989 Nobis.
767 1940 954 2005 atque
999 1928 1116 1987 hac
1157 1934 1383 1988 Sancta
1422 1928 1573 1987 Sede
1624 1928 1889 2003 gratiam
1930 1930 2109 1990 inibis
2143 1973 2177 2002 ‚.

523 2006 837 2063 uberrima
879 2003 1216 2063 coelestium
1250 2002 1713 2064 charismatum·
1735 2006 1917 2079 copia
1954 2024 2165 2063 eumu-

521 2080 630 2138 let.
687 2082 943 2139 Interim
991 2076 1412 2153 Apostolieam
1462 2078 1958 2139 Benedictionem
2023 2084 2160 2139 Fra-

523 2156 805 2215 ternitati
842 2160 988 2213 Tuae
1019 2166 1421 2230 peramanter
1446 2154 1867 2231 impertimur.

599 2236 824 2288 Datum
871 2234 1082 2289 Romae
1119 2230 1287 2307 apud
1328 2234 1387 2288 S.
1427 2232 1682 2289 Mariam
1722 2235 2019 2307 Maiorem
2056 2230 2173 2289 sub

229 2324 308 2372 26.
342 2322 475 2373 Nov.
524 2303 775 2365 Annulo
815 2306 1138 2365 Piscatoris
1159 2307 1260 2365 die
1283 2302 1382 2364 26.
1402 2304 1789 2366 -Novembris
1818 2302 1989 2383 1744.
2018 2312 2173 2367 Pon-

234 2387 376 2457 ι744·

527 2380 792 2442 tifioatus
826 2383 1030 2443 Nostri
1070 2386 1259 2443 Anno
1294 2382 1549 2455 Quinto-
1590 2400 1597 2410 ·

1306 2494 1623 2591 Οαίεὲαηιιε
1653 2518 1953 2579 Amata-s.

985 2910 1170 2957 Emls
1211 2906 1511 2957 SECUNDI
1555 2906 1719 2955 VOL.
