<?xml version="1.0" encoding="UTF-8"?>
<!DOCTYPE html PUBLIC "-//W3C//DTD XHTML 1.0 Transitional//EN"
    "http://www.w3.org/TR/xhtml1/DTD/xhtml1-transitional.dtd">
<html xmlns="http://www.w3.org/1999/xhtml" xml:lang="en" lang="en">
 <head>
  <title>
</title>
<meta http-equiv="Content-Type" content="text/html;charset=utf-8" />
  <meta name='ocr-system' content='tesseract 3.04.00' />
  <meta name='ocr-capabilities' content='ocr_page ocr_carea ocr_par ocr_line ocrx_word'/>
</head>
<body>
  <div class='ocr_page' id='page_1' title='image "benedictipapaex02xivgoog_0220.png"; bbox 0 0 2434 3992; ppageno 0'>
   <div class='ocr_carea' id='block_1_1' title="bbox 650 116 1773 187">
    <p class='ocr_par' dir='ltr' id='par_1_1' title="bbox 650 116 1773 187">
     <span class='ocr_line' id='line_1_1' title="bbox 650 116 1773 187; baseline -0.004 0"><span class='ocrx_word' id='word_1_1' title='bbox 650 122 774 187; x_wconf 51' lang='lat'><strong>&gt;186</strong></span> <span class='ocrx_word' id='word_1_2' title='bbox 1149 118 1539 185; x_wconf 71' lang='grc' dir='ltr'>ΒΕΝευῐοΤι</span> <span class='ocrx_word' id='word_1_3' title='bbox 1598 116 1773 183; x_wconf 85' lang='lat' dir='ltr'><strong>XIV.</strong></span> 
     </span>
    </p>
   </div>
   <div class='ocr_carea' id='block_1_2' title="bbox 381 226 2259 1371">
    <p class='ocr_par' dir='ltr' id='par_1_2' title="bbox 381 226 2259 611">
     <span class='ocr_line' id='line_1_2' title="bbox 381 226 2259 305; baseline -0.002 -14"><span class='ocrx_word' id='word_1_4' title='bbox 381 240 470 291; x_wconf 78' lang='lat' dir='ltr'><strong>Po</strong></span> <span class='ocrx_word' id='word_1_5' title='bbox 493 254 589 291; x_wconf 64' lang='lat' dir='ltr'><strong>nr.</strong></span> <span class='ocrx_word' id='word_1_6' title='bbox 647 251 774 291; x_wconf 85' lang='lat' dir='ltr'><strong>esse</strong></span> <span class='ocrx_word' id='word_1_7' title='bbox 812 239 1054 305; x_wconf 83' lang='lat' dir='ltr'><strong>poterat</strong></span> <span class='ocrx_word' id='word_1_8' title='bbox 1077 276 1093 301; x_wconf 86' lang='lat'><em>‚</em></span> <span class='ocrx_word' id='word_1_9' title='bbox 1145 239 1255 287; x_wconf 90' lang='lat' dir='ltr'><strong>aut</strong></span> <span class='ocrx_word' id='word_1_10' title='bbox 1311 229 1415 304; x_wconf 84' lang='lat' dir='ltr'><strong>qui</strong></span> <span class='ocrx_word' id='word_1_11' title='bbox 1469 226 1546 285; x_wconf 86' lang='lat' dir='ltr'><strong>ad</strong></span> <span class='ocrx_word' id='word_1_12' title='bbox 1598 249 1729 287; x_wconf 86' lang='lat' dir='ltr'><strong>rem</strong></span> <span class='ocrx_word' id='word_1_13' title='bbox 1780 227 1958 285; x_wconf 86' lang='lat' dir='ltr'><strong>istam</strong></span> <span class='ocrx_word' id='word_1_14' title='bbox 1989 272 2004 295; x_wconf 82' lang='lat'>,</span> <span class='ocrx_word' id='word_1_15' title='bbox 2040 226 2115 286; x_wconf 89' lang='lat' dir='ltr'><strong>de</strong></span> <span class='ocrx_word' id='word_1_16' title='bbox 2152 246 2259 304; x_wconf 80' lang='lat' dir='ltr'><strong>qua</strong></span> 
     </span>
     <span class='ocr_line' id='line_1_3' title="bbox 400 303 2255 379; baseline -0.002 -12"><span class='ocrx_word' id='word_1_17' title='bbox 400 308 576 359; x_wconf 79' lang='lat' dir='ltr'><strong>A-lV·</strong></span> <span class='ocrx_word' id='word_1_18' title='bbox 643 306 980 367; x_wconf 84' lang='lat' dir='ltr'><strong>consultari</strong></span> <span class='ocrx_word' id='word_1_19' title='bbox 1019 306 1377 377; x_wconf 69' lang='lat' dir='ltr'><strong>dicebatur,</strong></span> <span class='ocrx_word' id='word_1_20' title='bbox 1416 324 1596 379; x_wconf 87' lang='lat' dir='ltr'><strong>opem</strong></span> <span class='ocrx_word' id='word_1_21' title='bbox 1638 324 1809 363; x_wconf 83' lang='lat' dir='ltr'><strong>suam</strong></span> <span class='ocrx_word' id='word_1_22' title='bbox 1850 303 2125 363; x_wconf 85' lang='lat' dir='ltr'><strong>conferre</strong></span> <span class='ocrx_word' id='word_1_23' title='bbox 2167 328 2255 365; x_wconf 73' lang='lat' dir='ltr'><strong>va·</strong></span> 
     </span>
     <span class='ocr_line' id='line_1_4' title="bbox 647 380 2255 457; baseline -0.002 -14"><span class='ocrx_word' id='word_1_24' title='bbox 647 382 859 443; x_wconf 83' lang='lat' dir='ltr'>lebant</span> <span class='ocrx_word' id='word_1_25' title='bbox 881 429 896 455; x_wconf 85' lang='lat'>‚</span> <span class='ocrx_word' id='word_1_26' title='bbox 936 383 1204 457; x_wconf 76' lang='lat' dir='ltr'><strong>graviter</strong></span> <span class='ocrx_word' id='word_1_27' title='bbox 1244 401 1630 441; x_wconf 87' lang='lat' dir='ltr'><strong>commovere</strong></span> <span class='ocrx_word' id='word_1_28' title='bbox 1664 380 1741 439; x_wconf 82' lang='lat' dir='ltr'><strong>de</strong></span> <span class='ocrx_word' id='word_1_29' title='bbox 1783 381 2128 439; x_wconf 79' lang='lat' dir='ltr'><strong>imminenti</strong></span> <span class='ocrx_word' id='word_1_30' title='bbox 2156 386 2255 440; x_wconf 89' lang='lat' dir='ltr'><strong>Ca·</strong></span> 
     </span>
     <span class='ocr_line' id='line_1_5' title="bbox 646 455 2257 533; baseline -0.002 -15"><span class='ocrx_word' id='word_1_31' title='bbox 646 458 890 520; x_wconf 86' lang='lat' dir='ltr'><strong>tholicae</strong></span> <span class='ocrx_word' id='word_1_32' title='bbox 939 457 1269 533; x_wconf 82' lang='lat' dir='ltr'><strong>Religionis</strong></span> <span class='ocrx_word' id='word_1_33' title='bbox 1327 459 1389 516; x_wconf 87' lang='lat' dir='ltr'><strong>in</strong></span> <span class='ocrx_word' id='word_1_34' title='bbox 1459 458 1791 517; x_wconf 83' lang='lat' dir='ltr'><strong>Germania</strong></span> <span class='ocrx_word' id='word_1_35' title='bbox 1832 455 2109 533; x_wconf 89' lang='lat' dir='ltr'><strong>periculo</strong></span> <span class='ocrx_word' id='word_1_36' title='bbox 2134 501 2149 527; x_wconf 90' lang='lat'>,</span> <span class='ocrx_word' id='word_1_37' title='bbox 2192 458 2257 515; x_wconf 90' lang='lat' dir='ltr'><strong>de</strong></span> 
     </span>
     <span class='ocr_line' id='line_1_6' title="bbox 645 532 2253 611; baseline -0.002 -17"><span class='ocrx_word' id='word_1_38' title='bbox 645 533 939 611; x_wconf 79' lang='lat' dir='ltr'><strong>praeclaro</strong></span> <span class='ocrx_word' id='word_1_39' title='bbox 987 532 1285 593; x_wconf 81' lang='lat' dir='ltr'><strong>haereticae</strong></span> <span class='ocrx_word' id='word_1_40' title='bbox 1331 535 1656 608; x_wconf 80' lang='lat' dir='ltr'><strong>pravitatis</strong></span> <span class='ocrx_word' id='word_1_41' title='bbox 1700 532 2021 609; x_wconf 89' lang='lat' dir='ltr'><strong>triumpho</strong></span> <span class='ocrx_word' id='word_1_42' title='bbox 2039 574 2055 597; x_wconf 89' lang='lat'><em>,</em></span> <span class='ocrx_word' id='word_1_43' title='bbox 2114 554 2253 591; x_wconf 86' lang='lat' dir='ltr'><strong>sum·</strong></span> 
     </span>
    </p>

    <p class='ocr_par' dir='ltr' id='par_1_3' title="bbox 651 608 2257 689">
     <span class='ocr_line' id='line_1_7' title="bbox 651 608 2257 689; baseline -0.002 -18"><span class='ocrx_word' id='word_1_44' title='bbox 651 632 864 689; x_wconf 87' lang='lat' dir='ltr'><strong>maque</strong></span> <span class='ocrx_word' id='word_1_45' title='bbox 887 612 975 670; x_wconf 89' lang='lat' dir='ltr'><strong>rei</strong></span> <span class='ocrx_word' id='word_1_46' title='bbox 1002 610 1433 669; x_wconf 84' lang='lat' dir='ltr'><strong>Ecclesiasticae</strong></span> <span class='ocrx_word' id='word_1_47' title='bbox 1460 608 1847 667; x_wconf 77' lang='lat' dir='ltr'><strong>calamitate:</strong></span> <span class='ocrx_word' id='word_1_48' title='bbox 1877 629 2012 685; x_wconf 83' lang='lat' dir='ltr'><strong>quae</strong></span> <span class='ocrx_word' id='word_1_49' title='bbox 2037 609 2257 685; x_wconf 86' lang='lat' dir='ltr'><strong>quidem</strong></span> 
     </span>
    </p>

    <p class='ocr_par' dir='ltr' id='par_1_4' title="bbox 645 685 2254 761">
     <span class='ocr_line' id='line_1_8' title="bbox 645 685 2254 761; baseline -0.004 -14"><span class='ocrx_word' id='word_1_50' title='bbox 645 688 804 748; x_wconf 87' lang='lat' dir='ltr'><strong>foret</strong></span> <span class='ocrx_word' id='word_1_51' title='bbox 839 688 1094 746; x_wconf 81' lang='lat' dir='ltr'><strong>omnino</strong></span> <span class='ocrx_word' id='word_1_52' title='bbox 1123 688 1413 757; x_wconf 83' lang='lat' dir='ltr'><strong>maxima,</strong></span> <span class='ocrx_word' id='word_1_53' title='bbox 1444 685 1494 743; x_wconf 94' lang='lat' dir='ltr'><strong>si</strong></span> <span class='ocrx_word' id='word_1_54' title='bbox 1531 686 1957 761; x_wconf 77' lang='lat' dir='ltr'><strong>EpiscopatUS,</strong></span> <span class='ocrx_word' id='word_1_55' title='bbox 1994 686 2254 759; x_wconf 85' lang='lat' dir='ltr'><strong>insignes-</strong></span> 
     </span>
    </p>

    <p class='ocr_par' dir='ltr' id='par_1_5' title="bbox 643 760 2255 841">
     <span class='ocr_line' id='line_1_9' title="bbox 643 760 2255 841; baseline -0.002 -19"><span class='ocrx_word' id='word_1_56' title='bbox 643 784 764 841; x_wconf 78' lang='lat' dir='ltr'><strong>que</strong></span> <span class='ocrx_word' id='word_1_57' title='bbox 799 763 1110 830; x_wconf 80' lang='lat' dir='ltr'><strong>Abbatiae,</strong></span> <span class='ocrx_word' id='word_1_58' title='bbox 1153 760 1411 820; x_wconf 83' lang='lat' dir='ltr'><strong>seculari</strong></span> <span class='ocrx_word' id='word_1_59' title='bbox 1453 763 1801 836; x_wconf 87' lang='lat' dir='ltr'><strong>Principatu</strong></span> <span class='ocrx_word' id='word_1_60' title='bbox 1836 780 1979 819; x_wconf 89' lang='lat' dir='ltr'><strong>cum</strong></span> <span class='ocrx_word' id='word_1_61' title='bbox 2021 762 2105 819; x_wconf 89' lang='lat' dir='ltr'><strong>eis</strong></span> <span class='ocrx_word' id='word_1_62' title='bbox 2134 781 2255 819; x_wconf 84' lang='lat' dir='ltr'><strong>con-</strong></span> 
     </span>
    </p>

    <p class='ocr_par' dir='ltr' id='par_1_6' title="bbox 567 836 2257 990">
     <span class='ocr_line' id='line_1_10' title="bbox 567 836 2256 917; baseline -0.003 -18"><span class='ocrx_word' id='word_1_63' title='bbox 567 858 575 864; x_wconf 58' lang='lat'>*</span> <span class='ocrx_word' id='word_1_64' title='bbox 640 848 886 916; x_wconf 71' lang='lat' dir='ltr'><strong>juncto,</strong></span> <span class='ocrx_word' id='word_1_65' title='bbox 911 837 1383 917; x_wconf 62' lang='lat' dir='ltr'><strong>praeclarissimis</strong></span> <span class='ocrx_word' id='word_1_66' title='bbox 1412 836 1685 914; x_wconf 72' lang='lat' dir='ltr'><strong>juribus,</strong></span> <span class='ocrx_word' id='word_1_67' title='bbox 1718 836 2145 911; x_wconf 81' lang='lat' dir='ltr'><strong>spectabilibus</strong></span> <span class='ocrx_word' id='word_1_68' title='bbox 2166 836 2256 895; x_wconf 88' lang='lat' dir='ltr'><strong>ho·</strong></span> 
     </span>
     <span class='ocr_line' id='line_1_11' title="bbox 644 910 2257 990; baseline -0.003 -14"><span class='ocrx_word' id='word_1_69' title='bbox 644 917 1044 976; x_wconf 78' lang='lat' dir='ltr'><strong>noriflcentiis</strong></span> <span class='ocrx_word' id='word_1_70' title='bbox 1059 910 1494 990; x_wconf 79' lang='lat' dir='ltr'><strong>spoliarentur,</strong></span> <span class='ocrx_word' id='word_1_71' title='bbox 1512 924 1622 971; x_wconf 88' lang='lat' dir='ltr'><strong>aut</strong></span> <span class='ocrx_word' id='word_1_72' title='bbox 1642 916 1701 971; x_wconf 87' lang='lat' dir='ltr'><strong>in</strong></span> <span class='ocrx_word' id='word_1_73' title='bbox 1718 914 2011 988; x_wconf 84' lang='lat' dir='ltr'><strong>profanos</strong></span> <span class='ocrx_word' id='word_1_74' title='bbox 2026 933 2161 972; x_wconf 88' lang='lat' dir='ltr'><strong>usus</strong></span> <span class='ocrx_word' id='word_1_75' title='bbox 2176 919 2257 971; x_wconf 55' lang='lat' dir='ltr'><strong>Ec*</strong></span> 
     </span>
    </p>

    <p class='ocr_par' dir='ltr' id='par_1_7' title="bbox 643 992 2251 1069">
     <span class='ocr_line' id='line_1_12' title="bbox 643 992 2251 1069; baseline -0.004 -16"><span class='ocrx_word' id='word_1_76' title='bbox 643 993 836 1053; x_wconf 82' lang='lat' dir='ltr'><strong>clesiae</strong></span> <span class='ocrx_word' id='word_1_77' title='bbox 855 993 1228 1069; x_wconf 85' lang='lat' dir='ltr'><strong>patrimonia</strong></span> <span class='ocrx_word' id='word_1_78' title='bbox 1246 998 1763 1049; x_wconf 72' lang='lat' dir='ltr'><strong>converterentur</strong></span> <span class='ocrx_word' id='word_1_79' title='bbox 1783 1034 1797 1061; x_wconf 89' lang='lat'><strong>,</strong></span> <span class='ocrx_word' id='word_1_80' title='bbox 1826 1000 1935 1048; x_wconf 89' lang='lat' dir='ltr'><strong>aut</strong></span> <span class='ocrx_word' id='word_1_81' title='bbox 1961 992 2251 1048; x_wconf 84' lang='lat' dir='ltr'><strong>imminue-</strong></span> 
     </span>
    </p>

    <p class='ocr_par' dir='ltr' id='par_1_8' title="bbox 642 1067 2255 1218">
     <span class='ocr_line' id='line_1_13' title="bbox 642 1067 2255 1142; baseline -0.002 -15"><span class='ocrx_word' id='word_1_82' title='bbox 642 1077 861 1129; x_wconf 77' lang='lat' dir='ltr'><strong>rentur</strong></span> <span class='ocrx_word' id='word_1_83' title='bbox 876 1067 994 1127; x_wconf 89' lang='lat' dir='ltr'><strong>illis</strong></span> <span class='ocrx_word' id='word_1_84' title='bbox 1011 1086 1180 1142; x_wconf 88' lang='lat' dir='ltr'><strong>opes,</strong></span> <span class='ocrx_word' id='word_1_85' title='bbox 1199 1086 1462 1141; x_wconf 84' lang='lat' dir='ltr'><strong>quarum</strong></span> <span class='ocrx_word' id='word_1_86' title='bbox 1480 1067 1915 1141; x_wconf 83' lang='lat' dir='ltr'><strong>possessionem</strong></span> <span class='ocrx_word' id='word_1_87' title='bbox 1934 1086 2047 1141; x_wconf 80' lang='lat' dir='ltr'><strong>per</strong></span> <span class='ocrx_word' id='word_1_88' title='bbox 2060 1086 2171 1125; x_wconf 88' lang='lat' dir='ltr'><strong>non</strong></span> <span class='ocrx_word' id='word_1_89' title='bbox 2190 1068 2255 1123; x_wconf 85' lang='lat' dir='ltr'><strong>in-</strong></span> 
     </span>
     <span class='ocr_line' id='line_1_14' title="bbox 643 1140 2253 1218; baseline -0.003 -13"><span class='ocrx_word' id='word_1_90' title='bbox 643 1147 982 1205; x_wconf 82' lang='lat' dir='ltr'><strong>termissam</strong></span> <span class='ocrx_word' id='word_1_91' title='bbox 999 1140 1465 1203; x_wconf 80' lang='lat' dir='ltr'><strong>totsaeculorum</strong></span> <span class='ocrx_word' id='word_1_92' title='bbox 1486 1144 1847 1201; x_wconf 85' lang='lat' dir='ltr'><strong>memoriam</strong></span> <span class='ocrx_word' id='word_1_93' title='bbox 1866 1144 2138 1218; x_wconf 86' lang='lat' dir='ltr'><strong>Episcopi</strong></span> <span class='ocrx_word' id='word_1_94' title='bbox 2158 1148 2253 1201; x_wconf 83' lang='lat' dir='ltr'><strong>Ca-</strong></span> 
     </span>
    </p>

    <p class='ocr_par' dir='ltr' id='par_1_9' title="bbox 643 1218 2253 1295">
     <span class='ocr_line' id='line_1_15' title="bbox 643 1218 2253 1295; baseline -0.001 -16"><span class='ocrx_word' id='word_1_95' title='bbox 643 1221 856 1282; x_wconf 86' lang='lat' dir='ltr'><strong>tholici</strong></span> <span class='ocrx_word' id='word_1_96' title='bbox 887 1224 1123 1294; x_wconf 70' lang='lat' dir='ltr'><strong>integre</strong></span> <span class='ocrx_word' id='word_1_97' title='bbox 1143 1228 1475 1294; x_wconf 85' lang='lat' dir='ltr'><strong>sancteque</strong></span> <span class='ocrx_word' id='word_1_98' title='bbox 1494 1228 1823 1279; x_wconf 87' lang='lat' dir='ltr'><strong>servarunt</strong></span> <span class='ocrx_word' id='word_1_99' title='bbox 1840 1263 1857 1291; x_wconf 88' lang='lat'>‚</span> <span class='ocrx_word' id='word_1_100' title='bbox 1877 1230 2065 1295; x_wconf 77' lang='lat' dir='ltr'><strong>atque</strong></span> <span class='ocrx_word' id='word_1_101' title='bbox 2076 1238 2145 1279; x_wconf 87' lang='lat' dir='ltr'><strong>ea</strong></span> <span class='ocrx_word' id='word_1_102' title='bbox 2165 1218 2253 1277; x_wconf 82' lang='lat' dir='ltr'><strong>bo-</strong></span> 
     </span>
    </p>

    <p class='ocr_par' dir='ltr' id='par_1_10' title="bbox 643 1293 2255 1371">
     <span class='ocr_line' id='line_1_16' title="bbox 643 1293 2255 1371; baseline -0.002 -16"><span class='ocrx_word' id='word_1_103' title='bbox 643 1317 722 1357; x_wconf 84' lang='lat' dir='ltr'><strong>na</strong></span> <span class='ocrx_word' id='word_1_104' title='bbox 745 1341 756 1362; x_wconf 86' lang='lat'>‚</span> <span class='ocrx_word' id='word_1_105' title='bbox 783 1314 916 1371; x_wconf 81' lang='lat' dir='ltr'><strong>quae</strong></span> <span class='ocrx_word' id='word_1_106' title='bbox 933 1294 1208 1354; x_wconf 88' lang='lat' dir='ltr'><strong>Ecclesiis</strong></span> <span class='ocrx_word' id='word_1_107' title='bbox 1225 1315 1465 1353; x_wconf 87' lang='lat' dir='ltr'><strong>summa</strong></span> <span class='ocrx_word' id='word_1_108' title='bbox 1482 1297 1709 1370; x_wconf 88' lang='lat' dir='ltr'><strong>pietate</strong></span> <span class='ocrx_word' id='word_1_109' title='bbox 1728 1338 1743 1365; x_wconf 90' lang='lat'>,</span> <span class='ocrx_word' id='word_1_110' title='bbox 1770 1315 1841 1352; x_wconf 88' lang='lat' dir='ltr'><strong>ac</strong></span> <span class='ocrx_word' id='word_1_111' title='bbox 1860 1293 2211 1354; x_wconf 83' lang='lat' dir='ltr'><strong>liberalitate</strong></span> <span class='ocrx_word' id='word_1_112' title='bbox 2226 1316 2255 1360; x_wconf 82' lang='lat' dir='ltr'><strong>a</strong></span> 
     </span>
    </p>
   </div>
   <div class='ocr_carea' id='block_1_3' title="bbox 641 1368 2364 1447">
    <p class='ocr_par' dir='ltr' id='par_1_11' title="bbox 641 1368 2364 1447">
     <span class='ocr_line' id='line_1_17' title="bbox 641 1368 2364 1447; baseline -0.003 -16"><span class='ocrx_word' id='word_1_113' title='bbox 641 1372 976 1447; x_wconf 80' lang='lat' dir='ltr'><strong>Maioribus</strong></span> <span class='ocrx_word' id='word_1_114' title='bbox 993 1368 1222 1429; x_wconf 86' lang='lat' dir='ltr'><strong>donata</strong></span> <span class='ocrx_word' id='word_1_115' title='bbox 1238 1370 1507 1443; x_wconf 86' lang='lat' dir='ltr'><strong>fuerant,</strong></span> <span class='ocrx_word' id='word_1_116' title='bbox 1521 1391 1687 1429; x_wconf 86' lang='lat' dir='ltr'><strong>nunc</strong></span> <span class='ocrx_word' id='word_1_117' title='bbox 1702 1390 1811 1447; x_wconf 79' lang='lat' dir='ltr'><strong>per</strong></span> <span class='ocrx_word' id='word_1_118' title='bbox 1826 1371 2089 1430; x_wconf 86' lang='lat' dir='ltr'><strong>abusum</strong></span> <span class='ocrx_word' id='word_1_119' title='bbox 2106 1371 2257 1429; x_wconf 76' lang='lat' dir='ltr'><strong>maxi·</strong></span> <span class='ocrx_word' id='word_1_120' title='bbox 2362 1402 2364 1441; x_wconf 65' lang='lat'><em>3</em></span> 
     </span>
    </p>
   </div>
   <div class='ocr_carea' id='block_1_4' title="bbox 333 1446 2257 3441">
    <p class='ocr_par' dir='ltr' id='par_1_12' title="bbox 333 1446 2257 3441">
     <span class='ocr_line' id='line_1_18' title="bbox 640 1446 2256 1523; baseline -0.001 -18"><span class='ocrx_word' id='word_1_121' title='bbox 640 1468 740 1507; x_wconf 91' lang='lat' dir='ltr'><strong>me</strong></span> <span class='ocrx_word' id='word_1_122' title='bbox 779 1446 1355 1523; x_wconf 85' lang='lat' dir='ltr'><strong>reprehendendum</strong></span> <span class='ocrx_word' id='word_1_123' title='bbox 1380 1490 1397 1519; x_wconf 88' lang='lat'>,</span> <span class='ocrx_word' id='word_1_124' title='bbox 1438 1448 1503 1507; x_wconf 86' lang='lat' dir='ltr'><strong>in</strong></span> <span class='ocrx_word' id='word_1_125' title='bbox 1553 1458 1862 1522; x_wconf 84' lang='lat' dir='ltr'><strong>sumptus,</strong></span> <span class='ocrx_word' id='word_1_126' title='bbox 1920 1458 1985 1506; x_wconf 86' lang='lat' dir='ltr'><strong>et</strong></span> <span class='ocrx_word' id='word_1_127' title='bbox 2032 1448 2256 1523; x_wconf 84' lang='lat' dir='ltr'><strong>propria</strong></span> 
     </span>
     <span class='ocr_line' id='line_1_19' title="bbox 639 1521 2257 1601; baseline -0.001 -20"><span class='ocrx_word' id='word_1_128' title='bbox 639 1521 959 1583; x_wconf 86' lang='lat' dir='ltr'><strong>commoda</strong></span> <span class='ocrx_word' id='word_1_129' title='bbox 987 1532 1462 1597; x_wconf 81' lang='lat' dir='ltr'><strong>usurparentur.</strong></span> <span class='ocrx_word' id='word_1_130' title='bbox 1502 1523 1873 1583; x_wconf 82' lang='lat' dir='ltr'><strong>curavimus</strong></span> <span class='ocrx_word' id='word_1_131' title='bbox 1896 1544 2141 1601; x_wconf 83' lang='lat' dir='ltr'><strong>quoque</strong></span> <span class='ocrx_word' id='word_1_132' title='bbox 2161 1570 2175 1595; x_wconf 88' lang='lat'>‚</span> <span class='ocrx_word' id='word_1_133' title='bbox 2199 1533 2257 1580; x_wconf 89' lang='lat' dir='ltr'><strong>ut</strong></span> 
     </span>
     <span class='ocr_line' id='line_1_20' title="bbox 636 1597 2255 1675; baseline -0.002 -16"><span class='ocrx_word' id='word_1_134' title='bbox 636 1598 768 1659; x_wconf 78' lang='lat' dir='ltr'><strong>haec</strong></span> <span class='ocrx_word' id='word_1_135' title='bbox 815 1600 944 1675; x_wconf 85' lang='lat' dir='ltr'><strong>ipsa</strong></span> <span class='ocrx_word' id='word_1_136' title='bbox 984 1598 1371 1673; x_wconf 83' lang='lat' dir='ltr'><strong>Principibus</strong></span> <span class='ocrx_word' id='word_1_137' title='bbox 1426 1597 1640 1658; x_wconf 89' lang='lat' dir='ltr'><strong>sedulo</strong></span> <span class='ocrx_word' id='word_1_138' title='bbox 1693 1597 2147 1659; x_wconf 83' lang='lat' dir='ltr'><strong>inculcarentur</strong></span> <span class='ocrx_word' id='word_1_139' title='bbox 2190 1598 2255 1655; x_wconf 83' lang='lat' dir='ltr'><strong>ab</strong></span> 
     </span>
     <span class='ocr_line' id='line_1_21' title="bbox 419 1671 2256 1759; baseline -0.002 -24"><span class='ocrx_word' id='word_1_140' title='bbox 419 1704 618 1759; x_wconf 56' lang='lat' dir='ltr'><strong>prind,</strong></span> <span class='ocrx_word' id='word_1_141' title='bbox 640 1674 1006 1752; x_wconf 84' lang='lat' dir='ltr'><strong>Apostolicis</strong></span> <span class='ocrx_word' id='word_1_142' title='bbox 1051 1676 1341 1746; x_wconf 85' lang='lat' dir='ltr'><strong>Nuntiis,</strong></span> <span class='ocrx_word' id='word_1_143' title='bbox 1386 1676 1495 1748; x_wconf 84' lang='lat' dir='ltr'><strong>qni</strong></span> <span class='ocrx_word' id='word_1_144' title='bbox 1546 1676 1711 1751; x_wconf 85' lang='lat' dir='ltr'><strong>apud</strong></span> <span class='ocrx_word' id='word_1_145' title='bbox 1772 1671 1909 1735; x_wconf 86' lang='lat' dir='ltr'><strong>illos</strong></span> <span class='ocrx_word' id='word_1_146' title='bbox 1973 1689 2137 1736; x_wconf 88' lang='lat' dir='ltr'><strong>sunt.</strong></span> <span class='ocrx_word' id='word_1_147' title='bbox 2186 1680 2256 1734; x_wconf 78' lang='lat' dir='ltr'><strong>At</strong></span> 
     </span>
     <span class='ocr_line' id='line_1_22' title="bbox 339 1750 2254 1841; baseline -0.002 -31"><span class='ocrx_word' id='word_1_148' title='bbox 339 1789 464 1841; x_wconf 67' lang='lat' dir='ltr'><strong>pum</strong></span> <span class='ocrx_word' id='word_1_149' title='bbox 519 1776 615 1825; x_wconf 58' lang='lat' dir='ltr'><strong>Re.</strong></span> <span class='ocrx_word' id='word_1_150' title='bbox 643 1769 824 1825; x_wconf 81' lang='lat' dir='ltr'><strong>vero,</strong></span> <span class='ocrx_word' id='word_1_151' title='bbox 850 1761 920 1811; x_wconf 90' lang='lat' dir='ltr'><strong>ut</strong></span> <span class='ocrx_word' id='word_1_152' title='bbox 954 1750 1034 1809; x_wconf 85' lang='lat' dir='ltr'><strong>de</strong></span> <span class='ocrx_word' id='word_1_153' title='bbox 1059 1768 1275 1809; x_wconf 90' lang='lat' dir='ltr'><strong>eorum</strong></span> <span class='ocrx_word' id='word_1_154' title='bbox 1316 1752 1573 1824; x_wconf 86' lang='lat' dir='ltr'><strong>pietate,</strong></span> <span class='ocrx_word' id='word_1_155' title='bbox 1612 1772 1683 1810; x_wconf 88' lang='lat' dir='ltr'><strong>ac</strong></span> <span class='ocrx_word' id='word_1_156' title='bbox 1719 1750 2033 1827; x_wconf 86' lang='lat' dir='ltr'><strong>Religione</strong></span> <span class='ocrx_word' id='word_1_157' title='bbox 2056 1798 2073 1827; x_wconf 91' lang='lat'>,</span> <span class='ocrx_word' id='word_1_158' title='bbox 2100 1752 2254 1811; x_wconf 81' lang='lat' dir='ltr'><strong>sicuti</strong></span> 
     </span>
     <span class='ocr_line' id='line_1_23' title="bbox 337 1823 2253 1905; baseline -0.003 -14"><span class='ocrx_word' id='word_1_159' title='bbox 337 1856 618 1905; x_wconf 62' lang='lat' dir='ltr'><strong>sponsa-c-</strong></span> <span class='ocrx_word' id='word_1_160' title='bbox 638 1847 752 1904; x_wconf 89' lang='lat' dir='ltr'><strong>par</strong></span> <span class='ocrx_word' id='word_1_161' title='bbox 796 1836 924 1901; x_wconf 85' lang='lat' dir='ltr'><strong>est,</strong></span> <span class='ocrx_word' id='word_1_162' title='bbox 981 1823 1229 1901; x_wconf 79' lang='lat' dir='ltr'><strong>publice</strong></span> <span class='ocrx_word' id='word_1_163' title='bbox 1282 1837 1523 1885; x_wconf 82' lang='lat' dir='ltr'><strong>constet</strong></span> <span class='ocrx_word' id='word_1_164' title='bbox 1556 1872 1573 1898; x_wconf 90' lang='lat'>‚</span> <span class='ocrx_word' id='word_1_165' title='bbox 1621 1828 1899 1903; x_wconf 76' lang='lat' dir='ltr'><strong>profecto</strong></span> <span class='ocrx_word' id='word_1_166' title='bbox 1944 1832 2104 1899; x_wconf 84' lang='lat' dir='ltr'><strong>Nos,</strong></span> <span class='ocrx_word' id='word_1_167' title='bbox 2142 1839 2253 1886; x_wconf 87' lang='lat' dir='ltr'><strong>tum</strong></span> 
     </span>
     <span class='ocr_line' id='line_1_24' title="bbox 335 1901 2255 1985; baseline 0.001 -26"><span class='ocrx_word' id='word_1_168' title='bbox 335 1906 468 1985; x_wconf 71' lang='lat' dir='ltr'><strong>cipit</strong></span> <span class='ocrx_word' id='word_1_169' title='bbox 507 1908 611 1975; x_wconf 79' lang='lat' dir='ltr'><strong>pie·</strong></span> <span class='ocrx_word' id='word_1_170' title='bbox 640 1925 711 1963; x_wconf 78' lang='lat' dir='ltr'><strong>ex</strong></span> <span class='ocrx_word' id='word_1_171' title='bbox 766 1904 1042 1979; x_wconf 88' lang='lat' dir='ltr'><strong>ipsorum</strong></span> <span class='ocrx_word' id='word_1_172' title='bbox 1086 1904 1393 1977; x_wconf 88' lang='lat' dir='ltr'><strong>responsis</strong></span> <span class='ocrx_word' id='word_1_173' title='bbox 1432 1901 1509 1963; x_wconf 90' lang='lat' dir='ltr'><strong>ad</strong></span> <span class='ocrx_word' id='word_1_174' title='bbox 1552 1902 1759 1964; x_wconf 87' lang='lat' dir='ltr'><strong>literas</strong></span> <span class='ocrx_word' id='word_1_175' title='bbox 1809 1908 2063 1965; x_wconf 87' lang='lat' dir='ltr'><strong>Nostras</strong></span> <span class='ocrx_word' id='word_1_176' title='bbox 2089 1950 2106 1979; x_wconf 86' lang='lat'>‚</span> <span class='ocrx_word' id='word_1_177' title='bbox 2142 1916 2255 1963; x_wconf 86' lang='lat' dir='ltr'><strong>tum</strong></span> 
     </span>
     <span class='ocr_line' id='line_1_25' title="bbox 340 1979 2250 2057; baseline -0.001 -18"><span class='ocrx_word' id='word_1_178' title='bbox 340 1980 482 2051; x_wconf 58' lang='grc' dir='ltr'><strong>ῒθῑξν,</strong></span> <span class='ocrx_word' id='word_1_179' title='bbox 533 1980 585 2051; x_wconf 64' lang='lat'><strong>⁸!</strong></span> <span class='ocrx_word' id='word_1_180' title='bbox 639 1982 1012 2039; x_wconf 83' lang='lat' dir='ltr'><strong>Nuntiorum</strong></span> <span class='ocrx_word' id='word_1_181' title='bbox 1057 1982 1421 2057; x_wconf 85' lang='lat' dir='ltr'><strong>Nostrorum</strong></span> <span class='ocrx_word' id='word_1_182' title='bbox 1462 1979 1653 2039; x_wconf 90' lang='lat' dir='ltr'><strong>literis</strong></span> <span class='ocrx_word' id='word_1_183' title='bbox 1681 2027 1699 2054; x_wconf 88' lang='lat'><strong>,</strong></span> <span class='ocrx_word' id='word_1_184' title='bbox 1740 1992 1951 2057; x_wconf 86' lang='lat' dir='ltr'><strong>aperte</strong></span> <span class='ocrx_word' id='word_1_185' title='bbox 1992 1982 2250 2057; x_wconf 80' lang='lat' dir='ltr'><strong>cognovi-</strong></span> 
     </span>
     <span class='ocr_line' id='line_1_26' title="bbox 338 2038 2249 2133; baseline 0 -20"><span class='ocrx_word' id='word_1_186' title='bbox 338 2038 575 2105; x_wconf 58' lang='lat'><strong>10¹¹8¹⁰¹²¹</strong></span> <span class='ocrx_word' id='word_1_187' title='bbox 641 2074 772 2113; x_wconf 87' lang='lat' dir='ltr'><strong>mus</strong></span> <span class='ocrx_word' id='word_1_188' title='bbox 795 2100 810 2127; x_wconf 91' lang='lat'>‚</span> <span class='ocrx_word' id='word_1_189' title='bbox 845 2074 946 2114; x_wconf 87' lang='lat' dir='ltr'><strong>eos</strong></span> <span class='ocrx_word' id='word_1_190' title='bbox 983 2054 1178 2129; x_wconf 89' lang='lat' dir='ltr'><strong>probe</strong></span> <span class='ocrx_word' id='word_1_191' title='bbox 1203 2054 1567 2115; x_wconf 80' lang='lat' dir='ltr'><strong>intellexisse</strong></span> <span class='ocrx_word' id='word_1_192' title='bbox 1603 2078 1725 2115; x_wconf 90' lang='lat' dir='ltr'><strong>non</strong></span> <span class='ocrx_word' id='word_1_193' title='bbox 1758 2060 1959 2117; x_wconf 87' lang='lat' dir='ltr'><strong>minus</strong></span> <span class='ocrx_word' id='word_1_194' title='bbox 2000 2058 2249 2133; x_wconf 83' lang='lat' dir='ltr'><strong>gravissi-</strong></span> 
     </span>
     <span class='ocr_line' id='line_1_27' title="bbox 335 2112 2251 2211; baseline -0.001 -20"><span class='ocrx_word' id='word_1_195' title='bbox 335 2112 608 2158; x_wconf 53' lang='lat' dir='ltr'>‘moenu&#39;</span> <span class='ocrx_word' id='word_1_196' title='bbox 639 2150 810 2191; x_wconf 88' lang='lat' dir='ltr'><strong>mum</strong></span> <span class='ocrx_word' id='word_1_197' title='bbox 844 2128 1177 2191; x_wconf 84' lang='lat' dir='ltr'><strong>Catholicae</strong></span> <span class='ocrx_word' id='word_1_198' title='bbox 1228 2130 1560 2207; x_wconf 86' lang='lat' dir='ltr'><strong>Religionis</strong></span> <span class='ocrx_word' id='word_1_199' title='bbox 1598 2134 1930 2204; x_wconf 84' lang='lat' dir='ltr'><strong>damnum,</strong></span> <span class='ocrx_word' id='word_1_200' title='bbox 1960 2154 2139 2211; x_wconf 84' lang='lat' dir='ltr'><strong>quam</strong></span> <span class='ocrx_word' id='word_1_201' title='bbox 2176 2132 2251 2191; x_wconf 86' lang='lat' dir='ltr'><strong>lu·</strong></span> 
     </span>
     <span class='ocr_line' id='line_1_28' title="bbox 336 2187 2252 2285; baseline 0 -19"><span class='ocrx_word' id='word_1_202' title='bbox 336 2187 450 2225; x_wconf 65' lang='lat'><strong>”⁸⁸⁹</strong></span> <span class='ocrx_word' id='word_1_203' title='bbox 637 2217 912 2267; x_wconf 88' lang='lat' dir='ltr'><strong>ctuosam</strong></span> <span class='ocrx_word' id='word_1_204' title='bbox 939 2228 1146 2267; x_wconf 84' lang='lat' dir='ltr'><strong>rerum</strong></span> <span class='ocrx_word' id='word_1_205' title='bbox 1168 2207 1699 2283; x_wconf 79' lang='lat' dir='ltr'><strong>perturbationem</strong></span> <span class='ocrx_word' id='word_1_206' title='bbox 1724 2255 1741 2281; x_wconf 90' lang='lat'><strong>‚</strong></span> <span class='ocrx_word' id='word_1_207' title='bbox 1784 2230 1918 2285; x_wconf 82' lang='lat' dir='ltr'><strong>quae</strong></span> <span class='ocrx_word' id='word_1_208' title='bbox 1949 2229 2252 2285; x_wconf 87' lang='lat' dir='ltr'><strong>conseque-</strong></span> 
     </span>
     <span class='ocr_line' id='line_1_29' title="bbox 636 2282 2250 2363; baseline 0.001 -21"><span class='ocrx_word' id='word_1_209' title='bbox 636 2294 842 2360; x_wconf 79' lang='lat' dir='ltr'><strong>retur,</strong></span> <span class='ocrx_word' id='word_1_210' title='bbox 891 2284 943 2342; x_wconf 89' lang='lat' dir='ltr'><strong>si</strong></span> <span class='ocrx_word' id='word_1_211' title='bbox 976 2283 1056 2342; x_wconf 89' lang='lat' dir='ltr'><strong>ad</strong></span> <span class='ocrx_word' id='word_1_212' title='bbox 1099 2282 1331 2363; x_wconf 83' lang='lat' dir='ltr'><strong>aliquid</strong></span> <span class='ocrx_word' id='word_1_213' title='bbox 1364 2286 1796 2359; x_wconf 75' lang='lat' dir='ltr'><strong>praedictorum</strong></span> <span class='ocrx_word' id='word_1_214' title='bbox 1844 2286 2047 2345; x_wconf 87' lang='lat' dir='ltr'><strong>aditus</strong></span> <span class='ocrx_word' id='word_1_215' title='bbox 2086 2284 2250 2347; x_wconf 87' lang='lat' dir='ltr'><strong>reclu-</strong></span> 
     </span>
     <span class='ocr_line' id='line_1_30' title="bbox 636 2358 2250 2435; baseline -0.002 -14"><span class='ocrx_word' id='word_1_216' title='bbox 636 2358 821 2421; x_wconf 87' lang='lat' dir='ltr'><strong>datur</strong></span> <span class='ocrx_word' id='word_1_217' title='bbox 861 2380 880 2418; x_wconf 74' lang='grc' dir='ltr'><em>τ</em></span> <span class='ocrx_word' id='word_1_218' title='bbox 928 2359 1190 2435; x_wconf 90' lang='lat' dir='ltr'><strong>proinde</strong></span> <span class='ocrx_word' id='word_1_219' title='bbox 1246 2362 1451 2421; x_wconf 82' lang='lat' dir='ltr'><strong>testati</strong></span> <span class='ocrx_word' id='word_1_220' title='bbox 1502 2372 1687 2433; x_wconf 76' lang='lat' dir='ltr'><strong>sunt,</strong></span> <span class='ocrx_word' id='word_1_221' title='bbox 1718 2362 1838 2422; x_wconf 88' lang='lat' dir='ltr'><strong>sibi</strong></span> <span class='ocrx_word' id='word_1_222' title='bbox 1867 2362 2116 2423; x_wconf 88' lang='lat' dir='ltr'><strong>consilia</strong></span> <span class='ocrx_word' id='word_1_223' title='bbox 2158 2362 2250 2421; x_wconf 92' lang='lat' dir='ltr'><strong>hu-</strong></span> 
     </span>
     <span class='ocr_line' id='line_1_31' title="bbox 636 2433 1740 2515; baseline -0.001 -20"><span class='ocrx_word' id='word_1_224' title='bbox 636 2434 904 2514; x_wconf 82' lang='lat' dir='ltr'><strong>jusmodi</strong></span> <span class='ocrx_word' id='word_1_225' title='bbox 946 2433 1429 2515; x_wconf 84' lang='lat' dir='ltr'><strong>haudquaquam</strong></span> <span class='ocrx_word' id='word_1_226' title='bbox 1461 2436 1740 2511; x_wconf 82' lang='lat' dir='ltr'><strong>probari.</strong></span> 
     </span>
     <span class='ocr_line' id='line_1_32' title="bbox 333 2510 2249 2649; baseline 0.001 -82"><span class='ocrx_word' id='word_1_227' title='bbox 333 2513 616 2567; x_wconf 73' lang='lat' dir='ltr'><strong>Profitetur</strong></span> <span class='ocrx_word' id='word_1_228' title='bbox 706 2510 769 2649; x_wconf 59' lang='grc' dir='ltr'><strong>ἓ.</strong></span> <span class='ocrx_word' id='word_1_229' title='bbox 815 2532 866 2570; x_wconf 89' lang='lat'><strong>1.</strong></span> <span class='ocrx_word' id='word_1_230' title='bbox 901 2516 1036 2573; x_wconf 83' lang='lat' dir='ltr'><strong>Jam</strong></span> <span class='ocrx_word' id='word_1_231' title='bbox 1065 2511 1250 2589; x_wconf 86' lang='lat' dir='ltr'><strong>plane</strong></span> <span class='ocrx_word' id='word_1_232' title='bbox 1288 2534 1361 2572; x_wconf 82' lang='lat' dir='ltr'><strong>ex</strong></span> <span class='ocrx_word' id='word_1_233' title='bbox 1410 2512 1596 2573; x_wconf 83' lang='lat' dir='ltr'><strong>Vobis</strong></span> <span class='ocrx_word' id='word_1_234' title='bbox 1635 2511 1871 2591; x_wconf 86' lang='lat' dir='ltr'><strong>aliquos</strong></span> <span class='ocrx_word' id='word_1_235' title='bbox 1904 2513 1982 2573; x_wconf 89' lang='lat' dir='ltr'><strong>de</strong></span> <span class='ocrx_word' id='word_1_236' title='bbox 2018 2512 2111 2572; x_wconf 86' lang='lat' dir='ltr'><strong>his</strong></span> <span class='ocrx_word' id='word_1_237' title='bbox 2144 2532 2249 2571; x_wconf 83' lang='lat' dir='ltr'><strong>om·</strong></span> 
     </span>
     <span class='ocr_line' id='line_1_33' title="bbox 333 2582 2249 2665; baseline -0.001 -18"><span class='ocrx_word' id='word_1_238' title='bbox 333 2598 388 2633; x_wconf 79' lang='lat'><strong>⁸⁰</strong></span> <span class='ocrx_word' id='word_1_239' title='bbox 465 2582 615 2631; x_wconf 66' lang='grc' dir='ltr'><strong>ΜΗΘ</strong></span> <span class='ocrx_word' id='word_1_240' title='bbox 637 2588 702 2647; x_wconf 90' lang='lat' dir='ltr'><strong>ni</strong></span> <span class='ocrx_word' id='word_1_241' title='bbox 751 2608 820 2648; x_wconf 91' lang='lat' dir='ltr'><strong>us</strong></span> <span class='ocrx_word' id='word_1_242' title='bbox 868 2590 1160 2649; x_wconf 88' lang='lat' dir='ltr'><strong>certiores</strong></span> <span class='ocrx_word' id='word_1_243' title='bbox 1204 2591 1501 2661; x_wconf 78' lang='lat' dir='ltr'><strong>fecimuS‚</strong></span> <span class='ocrx_word' id='word_1_244' title='bbox 1551 2590 1615 2649; x_wconf 88' lang='lat' dir='ltr'><strong>in</strong></span> <span class='ocrx_word' id='word_1_245' title='bbox 1658 2590 2156 2665; x_wconf 87' lang='lat' dir='ltr'><strong>responsionibus</strong></span> <span class='ocrx_word' id='word_1_246' title='bbox 2186 2587 2249 2646; x_wconf 85' lang='lat' dir='ltr'><strong>ad</strong></span> 
     </span>
     <span class='ocr_line' id='line_1_34' title="bbox 335 2646 2252 2742; baseline -0.002 -19"><span class='ocrx_word' id='word_1_247' title='bbox 335 2654 486 2714; x_wconf 66' lang='lat' dir='ltr'>P⁸⁰¹⁰</span> <span class='ocrx_word' id='word_1_248' title='bbox 543 2646 612 2697; x_wconf 75' lang='lat'><strong>¹⁸·</strong></span> <span class='ocrx_word' id='word_1_249' title='bbox 637 2684 706 2726; x_wconf 84' lang='lat' dir='ltr'><strong>ea</strong></span> <span class='ocrx_word' id='word_1_250' title='bbox 727 2708 745 2738; x_wconf 87' lang='lat'><em>‚</em></span> <span class='ocrx_word' id='word_1_251' title='bbox 774 2685 908 2742; x_wconf 83' lang='lat' dir='ltr'><strong>quae</strong></span> <span class='ocrx_word' id='word_1_252' title='bbox 951 2686 1134 2742; x_wconf 90' lang='lat' dir='ltr'><strong>super</strong></span> <span class='ocrx_word' id='word_1_253' title='bbox 1161 2666 1257 2725; x_wconf 90' lang='lat' dir='ltr'><strong>his</strong></span> <span class='ocrx_word' id='word_1_254' title='bbox 1282 2668 1361 2725; x_wconf 86' lang='lat' dir='ltr'><strong>ad</strong></span> <span class='ocrx_word' id='word_1_255' title='bbox 1400 2670 1521 2727; x_wconf 89' lang='lat' dir='ltr'><strong>Nos</strong></span> <span class='ocrx_word' id='word_1_256' title='bbox 1554 2664 1895 2740; x_wconf 79' lang='lat' dir='ltr'><strong>detulisti33</strong></span> <span class='ocrx_word' id='word_1_257' title='bbox 1926 2678 2060 2727; x_wconf 84' lang='lat' dir='ltr'><strong>tum</strong></span> <span class='ocrx_word' id='word_1_258' title='bbox 2092 2666 2252 2725; x_wconf 80' lang='lat' dir='ltr'><strong>etiam</strong></span> 
     </span>
     <span class='ocr_line' id='line_1_35' title="bbox 333 2714 2251 2831; baseline -0.001 -32"><span class='ocrx_word' id='word_1_259' title='bbox 333 2714 611 2831; x_wconf 50' lang='grc' dir='ltr'><strong>33ξὲἲὲἓί</strong></span> <span class='ocrx_word' id='word_1_260' title='bbox 636 2732 763 2815; x_wconf 76' lang='lat' dir='ltr'><strong>liaec</strong></span> <span class='ocrx_word' id='word_1_261' title='bbox 795 2744 925 2817; x_wconf 85' lang='lat' dir='ltr'><strong>ipsa</strong></span> <span class='ocrx_word' id='word_1_262' title='bbox 969 2742 1443 2819; x_wconf 85' lang='lat' dir='ltr'><strong>significavimus</strong></span> <span class='ocrx_word' id='word_1_263' title='bbox 1473 2746 1578 2818; x_wconf 86' lang='lat' dir='ltr'><strong>iis,</strong></span> <span class='ocrx_word' id='word_1_264' title='bbox 1614 2743 1720 2819; x_wconf 86' lang='lat' dir='ltr'><strong>qui</strong></span> <span class='ocrx_word' id='word_1_265' title='bbox 1746 2743 1811 2803; x_wconf 91' lang='lat' dir='ltr'><strong>in</strong></span> <span class='ocrx_word' id='word_1_266' title='bbox 1837 2743 2007 2803; x_wconf 88' lang='lat' dir='ltr'><strong>Urbe</strong></span> <span class='ocrx_word' id='word_1_267' title='bbox 2038 2741 2251 2819; x_wconf 84' lang='lat' dir='ltr'><strong>negotia</strong></span> 
     </span>
     <span class='ocr_line' id='line_1_36' title="bbox 334 2818 2250 2910; baseline 0 -34"><span class='ocrx_word' id='word_1_268' title='bbox 334 2847 464 2910; x_wconf 72' lang='lat' dir='ltr'><strong>juris</strong></span> <span class='ocrx_word' id='word_1_269' title='bbox 512 2846 611 2897; x_wconf 58' lang='lat' dir='ltr'><strong>im,</strong></span> <span class='ocrx_word' id='word_1_270' title='bbox 636 2828 839 2877; x_wconf 79' lang='lat' dir='ltr'><strong>vestra</strong></span> <span class='ocrx_word' id='word_1_271' title='bbox 871 2828 1063 2893; x_wconf 87' lang='lat' dir='ltr'><strong>agunt</strong></span> <span class='ocrx_word' id='word_1_272' title='bbox 1089 2863 1106 2891; x_wconf 89' lang='lat'>,</span> <span class='ocrx_word' id='word_1_273' title='bbox 1155 2820 1395 2895; x_wconf 86' lang='lat' dir='ltr'><strong>quoties</strong></span> <span class='ocrx_word' id='word_1_274' title='bbox 1442 2818 1557 2879; x_wconf 87' lang='lat' dir='ltr'><strong>hac</strong></span> <span class='ocrx_word' id='word_1_275' title='bbox 1601 2820 1677 2879; x_wconf 89' lang='lat' dir='ltr'><strong>de</strong></span> <span class='ocrx_word' id='word_1_276' title='bbox 1708 2839 1774 2879; x_wconf 85' lang='lat' dir='ltr'><strong>re</strong></span> <span class='ocrx_word' id='word_1_277' title='bbox 1799 2862 1815 2893; x_wconf 85' lang='lat'>,</span> <span class='ocrx_word' id='word_1_278' title='bbox 1858 2822 1988 2881; x_wconf 90' lang='lat' dir='ltr'><strong>sive</strong></span> <span class='ocrx_word' id='word_1_279' title='bbox 2022 2840 2129 2897; x_wconf 85' lang='lat' dir='ltr'><strong>per</strong></span> <span class='ocrx_word' id='word_1_280' title='bbox 2164 2838 2250 2887; x_wconf 87' lang='lat' dir='ltr'><strong>se,</strong></span> 
     </span>
     <span class='ocr_line' id='line_1_37' title="bbox 334 2893 2248 2971; baseline 0 -20"><span class='ocrx_word' id='word_1_281' title='bbox 334 2913 582 2965; x_wconf 76' lang='lat' dir='ltr'><strong>minutio-</strong></span> <span class='ocrx_word' id='word_1_282' title='bbox 632 2894 762 2967; x_wconf 83' lang='lat' dir='ltr'><strong>sive</strong></span> <span class='ocrx_word' id='word_1_283' title='bbox 809 2914 920 2971; x_wconf 89' lang='lat' dir='ltr'><strong>per</strong></span> <span class='ocrx_word' id='word_1_284' title='bbox 959 2893 1142 2967; x_wconf 84' lang='lat' dir='ltr'><strong>alios,</strong></span> <span class='ocrx_word' id='word_1_285' title='bbox 1187 2898 1309 2955; x_wconf 88' lang='lat' dir='ltr'><strong>Nos</strong></span> <span class='ocrx_word' id='word_1_286' title='bbox 1346 2894 1596 2955; x_wconf 84' lang='lat' dir='ltr'><strong>allocuti</strong></span> <span class='ocrx_word' id='word_1_287' title='bbox 1630 2907 1800 2957; x_wconf 85' lang='lat' dir='ltr'><strong>sunt.</strong></span> <span class='ocrx_word' id='word_1_288' title='bbox 1832 2902 1918 2956; x_wconf 87' lang='lat' dir='ltr'><strong>Ut</strong></span> <span class='ocrx_word' id='word_1_289' title='bbox 1968 2918 2113 2959; x_wconf 88' lang='lat' dir='ltr'><strong>vero</strong></span> <span class='ocrx_word' id='word_1_290' title='bbox 2138 2894 2248 2954; x_wconf 90' lang='lat' dir='ltr'><strong>uni·</strong></span> 
     </span>
     <span class='ocr_line' id='line_1_38' title="bbox 333 2971 2249 3046; baseline -0.002 -17"><span class='ocrx_word' id='word_1_291' title='bbox 333 2995 470 3031; x_wconf 81' lang='lat' dir='ltr'><strong>nem.</strong></span> <span class='ocrx_word' id='word_1_292' title='bbox 634 2971 856 3046; x_wconf 79' lang='lat' dir='ltr'><strong>cuique</strong></span> <span class='ocrx_word' id='word_1_293' title='bbox 911 2981 1185 3030; x_wconf 85' lang='lat' dir='ltr'><strong>vestrum</strong></span> <span class='ocrx_word' id='word_1_294' title='bbox 1234 2972 1311 3031; x_wconf 91' lang='lat' dir='ltr'><strong>de</strong></span> <span class='ocrx_word' id='word_1_295' title='bbox 1359 2971 1695 3033; x_wconf 85' lang='lat' dir='ltr'><strong>Voluntate</strong></span> <span class='ocrx_word' id='word_1_296' title='bbox 1752 2978 1973 3033; x_wconf 85' lang='lat' dir='ltr'><strong>Nostra</strong></span> <span class='ocrx_word' id='word_1_297' title='bbox 2024 2972 2249 3033; x_wconf 85' lang='lat' dir='ltr'><strong>omnino</strong></span> 
     </span>
     <span class='ocr_line' id='line_1_39' title="bbox 636 3043 2248 3125; baseline 0 -21"><span class='ocrx_word' id='word_1_298' title='bbox 636 3056 979 3121; x_wconf 86' lang='lat' dir='ltr'><strong>constaret,</strong></span> <span class='ocrx_word' id='word_1_299' title='bbox 1026 3067 1105 3122; x_wconf 87' lang='lat' dir='ltr'><strong>op</strong></span> <span class='ocrx_word' id='word_1_300' title='bbox 1149 3059 1448 3108; x_wconf 85' lang='lat' dir='ltr'><strong>ortunum</strong></span> <span class='ocrx_word' id='word_1_301' title='bbox 1492 3070 1619 3109; x_wconf 85' lang='lat' dir='ltr'><strong>esse</strong></span> <span class='ocrx_word' id='word_1_302' title='bbox 1659 3049 1945 3109; x_wconf 85' lang='lat' dir='ltr'><strong>duximus</strong></span> <span class='ocrx_word' id='word_1_303' title='bbox 1997 3068 2106 3125; x_wconf 90' lang='lat' dir='ltr'><strong>per</strong></span> <span class='ocrx_word' id='word_1_304' title='bbox 2144 3043 2248 3117; x_wconf 63' lang='lat' dir='ltr'><strong>,hoc</strong></span> 
     </span>
     <span class='ocr_line' id='line_1_40' title="bbox 634 3118 2244 3201; baseline 0.001 -20"><span class='ocrx_word' id='word_1_305' title='bbox 634 3124 827 3185; x_wconf 84' lang='lat' dir='ltr'><strong>Breve</strong></span> <span class='ocrx_word' id='word_1_306' title='bbox 866 3128 1098 3199; x_wconf 83' lang='lat' dir='ltr'><strong>Aposto</strong></span> <span class='ocrx_word' id='word_1_307' title='bbox 1125 3124 1290 3185; x_wconf 87' lang='lat' dir='ltr'><strong>icum</strong></span> <span class='ocrx_word' id='word_1_308' title='bbox 1342 3144 1477 3183; x_wconf 86' lang='lat' dir='ltr'><strong>eam</strong></span> <span class='ocrx_word' id='word_1_309' title='bbox 1532 3118 1878 3185; x_wconf 80' lang='lat' dir='ltr'><strong>luculenter</strong></span> <span class='ocrx_word' id='word_1_310' title='bbox 1930 3144 2244 3201; x_wconf 88' lang='lat' dir='ltr'><strong>exponere,</strong></span> 
     </span>
     <span class='ocr_line' id='line_1_41' title="bbox 633 3198 2245 3278; baseline 0 -22"><span class='ocrx_word' id='word_1_311' title='bbox 633 3198 801 3273; x_wconf 81' lang='lat' dir='ltr'><strong>&#39;quod</strong></span> <span class='ocrx_word' id='word_1_312' title='bbox 849 3198 928 3257; x_wconf 89' lang='lat' dir='ltr'><strong>ad</strong></span> <span class='ocrx_word' id='word_1_313' title='bbox 978 3210 1228 3261; x_wconf 82' lang='lat' dir='ltr'><strong>caeteros</strong></span> <span class='ocrx_word' id='word_1_314' title='bbox 1268 3221 1515 3278; x_wconf 86' lang='lat' dir='ltr'><strong>quoque</strong></span> <span class='ocrx_word' id='word_1_315' title='bbox 1556 3200 1883 3278; x_wconf 69' lang='lat' dir='ltr'><strong>praeclaros</strong></span> <span class='ocrx_word' id='word_1_316' title='bbox 1931 3200 2245 3261; x_wconf 77' lang='lat' dir='ltr'><strong>Germaniae</strong></span> 
     </span>
     <span class='ocr_line' id='line_1_42' title="bbox 632 3274 2245 3353; baseline 0.004 -22"><span class='ocrx_word' id='word_1_317' title='bbox 632 3275 956 3351; x_wconf 87' lang='lat' dir='ltr'><strong>Episcopos</strong></span> <span class='ocrx_word' id='word_1_318' title='bbox 1007 3278 1345 3353; x_wconf 73' lang='lat' dir='ltr'><strong>mittimus²</strong></span> <span class='ocrx_word' id='word_1_319' title='bbox 1384 3277 1464 3337; x_wconf 87' lang='lat' dir='ltr'><strong>ad</strong></span> <span class='ocrx_word' id='word_1_320' title='bbox 1509 3280 1833 3341; x_wconf 85' lang='lat' dir='ltr'><strong>universos</strong></span> <span class='ocrx_word' id='word_1_321' title='bbox 1880 3280 2169 3349; x_wconf 83' lang='lat' dir='ltr'><strong>fortasse,</strong></span> <span class='ocrx_word' id='word_1_322' title='bbox 2207 3274 2245 3331; x_wconf 71' lang='lat' dir='ltr'><strong>si</strong></span> 
     </span>
     <span class='ocr_line' id='line_1_43' title="bbox 634 3351 2245 3441; baseline 0.001 -33"><span class='ocrx_word' id='word_1_323' title='bbox 634 3368 787 3433; x_wconf 75' lang='lat' dir='ltr'><strong>opus</strong></span> <span class='ocrx_word' id='word_1_324' title='bbox 809 3351 1032 3431; x_wconf 66' lang='lat' dir='ltr'><strong>fuerit,</strong></span> <span class='ocrx_word' id='word_1_325' title='bbox 1065 3354 1461 3415; x_wconf 86' lang='lat' dir='ltr'><strong>mittendum.</strong></span> <span class='ocrx_word' id='word_1_326' title='bbox 1490 3359 1613 3416; x_wconf 89' lang='lat' dir='ltr'><strong>Nos</strong></span> <span class='ocrx_word' id='word_1_327' title='bbox 1637 3358 1826 3441; x_wconf 74' lang='lat' dir='ltr'><strong>igitur</strong></span> <span class='ocrx_word' id='word_1_328' title='bbox 1850 3378 2055 3419; x_wconf 84' lang='lat' dir='ltr'><strong>coram</strong></span> <span class='ocrx_word' id='word_1_329' title='bbox 2090 3352 2245 3415; x_wconf 79' lang='lat' dir='ltr'><strong>Altis·</strong></span> 
     </span>
    </p>
   </div>
  </div>
 </body>
</html>
