2434 3992
726 181 1174 249 Boanum.
1653 186 1769 252 281

155 286 460 349 vocalium
498 285 871 349 Electionem
914 290 1167 367 procedi
1212 291 1444 367 possit3
1492 290 1770 367 designa·
1830 307 2039 363 Anno

157 378 383 443 tamque
430 367 799 440 quantoe-ius
842 366 1061 441 agendi
1124 370 1426 427 rationem
1469 367 1550 427 ad
1605 375 1766 430 Con·
1865 371 2011 440 ¹744·

156 443 543 517 gregationem
567 441 644 501 de
667 444 1061 519 Propaganda
1084 444 1232 504 Fide
1257 445 1730 506 examinandam
1751 492 1766 519 ,

155 529 207 577 at
250 538 319 577 ue
367 518 833 594 approbandam
870 522 1168 579 remittat.
1475 572 1482 575 .

210 539 266 671 ξ.
304 612 402 672 29.
443 595 597 654 Huic
664 606 871 654 autem
938 596 1217 672 Epistolae
1277 599 1512 657 Nostrae
1580 599 1767 659 finem
1813 611 2075 677 Metropo-

160 672 449 747 imponere
490 669 666 731 nullo
708 672 895 730 modo
935 692 1297 749 possumus,
1351 676 1501 749 quin
1543 674 1768 735 debitis
1793 678 2076 729 litaniam·

157 746 415 806 laudibus
452 768 899 839 prosequamur
945 753 1104 810 Ven.
1160 754 1444 809 Fratrem
1492 750 1766 811 Athana·
1789 745 2074 795 ⁸3ffl¹³⁰d⁶⁸

157 821 699 883 sium'hodiernum
728 825 954 884 Russiae
991 823 1571 899 Metropolitanum,
1598 835 1770 904 cuius
1833 839 1866 873 '·
1911 837 1916 842 '

158 902 344 959 eximia
362 902 563 963 virtus
586 946 603 974 ‚
624 912 813 978 atque
836 902 1058 961 ardens
1082 901 1416 977 Religionis
1437 901 1786 969 Catholicae,

158 976 439 1051 studium,
479 980 837 1054 sinceraque
878 979 1128 1037 devotio
1168 1000 1312 1053 erga
1355 978 1772 1055 Apostolicam

160 1052 341 1112 Sedem
373 1098 391 1127 ,
440 1063 503 1112 et
541 1074 695 1131 saepe
723 1052 906 1124 alim,
936 1065 999 1113 et
1031 1056 1096 1113 in
1129 1055 1352 1115 harum
1393 1075 1638 1132 quoque
1675 1078 1768 1116 re·

161 1149 273 1191 rum
325 1132 696 1191 tractatione
748 1129 1095 1190 luculenter
1160 1133 1574 1191 emicuerunt.
1614 1135 1772 1192 Hine

162 1216 269 1276 est,
312 1215 385 1265 ut
436 1204 591 1265 nulli
643 1205 901 1278 meliuS‚
952 1226 1138 1282 quam
1202 1208 1354 1283 ipsi,
1404 1208 1770 1279 demandari
1861 1252 1960 1304 Eu
2061 1214 2070 1225 “

158 1301 304 1356 posse
340 1282 675 1341 ‘udicemus
722 1286 1018 1357 gravioris
1062 1284 1360 1343 momenti
1411 1286 1724 1359 negotium
1749 1331 1768 1359 ‚
1790 1270 2075 1371 comgffi'i,

161 1358 295 1432 quod
372 1361 425 1417 ic
462 1358 906 1434 subiungimus.
936 1358 1117 1419 Plura
1148 1380 1369 1436 nempe
1400 1363 1766 1424 Monosteria
1791 1391 1882 1437 tm·
1945 1388 2074 1437 „1250
2117 1372 2126 1382 ‘

162 1436 209 1492 in
259 1437 580 1496 Provincia
640 1434 902 1495 Poloniae
958 1456 1085 1496 esse
1136 1438 1422 1497 novimus
1481 1437 1560 1496 ad
1631 1458 1764 1497 eam
1791 1454 2052 1503 nonaste-

160 1521 557 1587 paupertatem
611 1512 895 1585 redacta,
950 1523 1022 1571 ut
1066 1513 1167 1572 vix
1212 1512 1401 1586 duce,
1463 1522 1576 1572 aut
1640 1524 1767 1573 tres
1791 1521 1986 1572 riorum
2006 1518 2074 1568 ad

160 1588 464 1647 monachos
502 1587 671 1647 alere
705 1590 941 1663 possint
983 1610 999 1647 ε
1042 1592 1115 1646 In
1152 1588 1506 1665 hujusmodi
1553 1610 1764 1649 rerum
1788 1590 2056 1653 paupert·-

162 1673 300 1721 statu
342 1710 359 1737 ,
413 1666 741 1723 Canonicoe
789 1670 969 1738 Leges
1065 1666 1386 1739 raecipiunt
1416 1706 1433 1737 ‚
1493 1664 1766 1740 plurium
1791 1662 1896 1701 ²²¹³
1995 1667 2072 1700 ’θ’

164 1741 646 1799 monasteriorum
677 1742 983 1799 Unionem
1038 1738 1358 1797 aciendam
1383 1760 1510 1798 esse
1527 1784 1546 1811 ‚
1571 1740 1769 1800 donec
1789 1717 2074 1833 ’ἐξζὶῗῆἓω

166 1817 211 1872 iu
239 1814 487 1891 singulis
526 1816 905 1876 monasteriis
944 1814 1191 1883 decem,
1229 1812 1327 1873 vel
1368 1813 1585 1874 saltem
1629 1828 1772 1875 octo
1793 1856 1896 1901 ete·

168 1892 419 1951 monachi
438 1892 759 1951 commode
783 1892 1141 1965 congregari
1164 1888 1436 1950 valeant.
1455 1891 1550 1950 Ad
1582 1891 1774 1959 multa

166 1968 325 2041 igitur
368 1964 767 2027 laudabiliter
798 1968 1116 2041 hucusque
1152 1978 1400 2043 peracta
1423 1966 1566 2027 'hoc'
1587 1969 1772 2027 etiam

166 2042 324 2105 addat
348 2043 853 2120 Metropolitanus
871 2090 886 2115 ‚
914 2044 1049 2114 (cui
1082 2046 1201 2103 Nos
1229 2043 1493 2119 idipsum
1513 2043 1770 2105 deman·

168 2117 353 2183 damus
373 2166 388 2193 ,
414 2141 751 2197 omnesque
780 2118 1099 2197 facultates
1126 2118 1201 2178 ad
1230 2121 1346 2180 hoc
1373 2122 1770 2193 necessarias,

168 2206 213 2253 et
234 2207 603 2271 opportunas
630 2196 1054 2273 impertimurl
1082 2206 1155 2253 ut
1188 2194 1369 2254 simul
1395 2216 1534 2255 cum
1563 2201 1770 2256 Proto·

169 2272 675 2346 Archimandrita‚
710 2284 769 2331 et
816 2269 1296 2332 consultoribus
1333 2271 1772 2345 Generalibus‚

171 2367 380 2408 necnon
420 2348 787 2410 Provinciali
838 2346 1101 2407 Poloniae
1129 2391 1146 2417 ‚
1186 2346 1582 2423 ejusdemque
1625 2354 1770 2407 Pro·

171 2424 355 2483 vinciae
410 2424 853 2499 consultoriO‚
906 2424 980 2481 ad
1030 2421 1384 2498 hujusmodi
1419 2425 1776 2482 tenuiorum

170 2503 645 2561 monasteriorum
670 2502 959 2560 unionem
985 2497 1396 2574 peragendam
1429 2498 1772 2558 incumbats

170 2577 317 2647 Quod
374 2598 521 2637 sane
582 2578 929 2653 proficuum
990 2594 1145 2650 opus
1204 2575 1390 2648 ipsius
1453 2594 1602 2632 cura
1633 2620 1648 2641 ,
1705 2584 1778 2632 ut

172 2652 542 2727 confidimus,
584 2667 751 2713 recte
798 2650 1244 2728 perficiendum
1273 2694 1289 2720 ‚
1344 2648 1449 2707 ubi
1496 2649 1776 2723 rid-Apo·

171 2726 413 2789 stolicam
448 2726 667 2789 ‘Sedem
701 2732 887 2805 ipsius
928 2726 1142 2786 relatio
1188 2726 1536 2800 deferetur,
1577 2735 1780 2783 aucto-

172 2804 329 2865 ritate
370 2811 593 2866 Nostra
634 2804 1074 2882 comprobare,
1122 2814 1185 2863 et
1233 2802 1602 2862 confirmare
1649 2808 1778 2859 noti

172 2878 585 2941 dubitabimus.
1862 2884 2079 2936 Provin-

218 2952 263 3031 S.
278 2958 370 3016 30.
390 2958 768 3017 Electionem
788 2958 1033 3034 quidem
1055 2952 1778 3016 Proto-Archimandritae
1799 2952 1881 3031 cip
1923 2952 2079 3003 Polo-

174 3031 225 3086 in
265 3046 785 3109 supramemorato
820 3032 1115 3109 capitulo
1151 3039 1272 3108 iam
1307 3041 1626 3119 sequutum
1649 3074 1664 3101 ,
1699 3028 1780 3086 ab
1801 3036 1902 3135 3!ae
1954 3021 2082 3097 phe-

173 3117 405 3184 utraque
427 3112 745 3170 Provincia
770 3119 1143 3185 acceptatam
1165 3110 1348 3169 fuisse
1371 3128 1492 3165 non
1521 3126 1652 3164 sine
1671 3124 1775 3195 yo·
1841 3092 2054 3202 ζ”.ῗὶῗπ

173 3178 380 3256 luptate
420 3188 842 3261 cognovimns.
889 3190 1330 3244 Verumtamen
1379 3182 1561 3241 aliam
1597 3182 1780 3240 fuisse
1802 3169 2082 3269 §roto-Ar·

176 3260 409 3320 vidimus
452 3264 753 3334 formam,
796 3280 917 3337 qua
965 3260 1249 3319 Monachi
1300 3258 1637 3320 Provinciae
1681 3257 1774 3315 Li·
1800 3282 2026 3336 chima„-

172 3332 621 3415 thuaniaeipsam
645 3348 1043 3414 acceptarunt
1064 3382 1083 3409 ‚
1108 3335 1187 3395 ab
1227 3357 1295 3395 ea
1313 3382 1329 3409 ‚
1353 3354 1476 3411 qua
1507 3336 1601 3393 usi
1633 3343 1778 3393 sunt
1801 3353 1899 3400 ,ub
1949 3370 2078 3401 cun·

176 3414 431 3473 Monaehi
468 3417 801 3475 Provinciae
827 3412 1110 3475 Polonioe.
1140 3410 1452 3490 Siquidem
1487 3407 1573 3470 illi
1601 3410 1772 3471 abso·
1801 3417 2020 3468 ditione.
