2434 3992
717 171 1168 238 anmmma.
1638 170 1760 260 347

167 297 349 340 tarum
379 279 788 340 Patrocinium
830 278 1010 340 alicui
1149 277 1309 354 illis,
1384 300 1457 340 ro
1490 283 1765 357 ipsorum
1822 296 2030 350 Aramo

167 355 319 414 libitu
349 399 364 424 ,
397 355 648 416 servatis
689 355 1022 416 servandis.
1079 353 1285 416 aleant
1370 357 1722 418 emandare.
1863 361 2009 426 ¹742·

225 429 274 509 §-
291 427 371 488 15.
391 431 480 490 Ad
502 433 662 506 ipsos
679 442 888 492 tamen
903 430 1080 493 Anlae
1095 431 1551 494 consistorialis
1564 435 1765 494 Advo»
1855 451 1927 502 Et
1957 467 2061 502 eas.

162 517 300 566 catos
315 507 615 582 privative
627 519 866 585 spectat
885 508 1160 586 publicas
1185 511 1251 569 in
1272 512 1653 570 consistorio
1668 513 1759 570 in·
1785 517 1904 571 dem·
1946 534 2063 568 cau.

163 585 386 642 stantias
398 601 745 662 proponere
757 606 872 660 pro
891 589 1223 647 Servorum
1234 588 1345 645 Dei
1361 587 1641 646 Beatifica
1648 589 1761 646 tio·
1784 601 1865 664 ⁸9⁸
1880 586 1933 635 in
1950 584 2065 661 §20¹¹

164 679 250 730 ne,
275 671 375 718 aut
403 665 728 721 Beatorum
747 663 1251 732 canonizatione,
1274 662 1393 722 hoc
1408 675 1499 723 est
1523 664 1586 722 in
1604 669 1762 724 Con·
1788 658 2001 704 mmm)

159 736 380 794 sistoriis
417 736 716 813 publicis,
753 759 891 814 quaa
927 741 992 798 in
1038 739 1375 799 traditione
1414 737 1560 798 Pilei
1610 744 1759 800 Car·
1785 733 2039 788 Pfflm‘e·

161 811 390 872 dinalitii
423 814 602 875 novis
635 814 1072 874 Cardinalibus
1110 816 1335 874 creatis
1358 860 1375 886 ‚
1408 833 1513 876 seu
1561 817 1627 874 in
1664 836 1757 875 re·

159 890 402 962 ceptione
442 891 648 966 Legati
687 891 856 950 Sedis
897 889 1263 968 Apostolicae
1293 891 1372 951 ad
1398 891 1631 951 Urbem
1664 913 1761 952 re-

156 963 366 1026 deuntis
399 1011 418 1040 ‚
465 978 577 1028 aut
639 965 896 1045 alicuius
944 969 1299 1044 Principum
1353 969 1637 1028 Oratoris
1682 970 1762 1028 ad

69 1109 71 1116 .
157 1043 530 1114 praestandam
563 1044 978 1120 obedientiam
1015 1045 1154 1104 Sedi
1178 1043 1541 1122 Apostolicae
1598 1046 1763 1106 missi

157 1115 549 1192 celebrantur,
591 1124 922 1181 Orationes
951 1121 1182 1182 babere
1205 1141 1391 1198 super
1423 1123 1657 1181 meritis
1692 1143 1761 1181 ac

156 1195 458 1256 virtutibus
488 1196 928 1272 praedict-oram
965 1201 1299 1259 Servorum
1338 1200 1449 1258 Dei
1473 1244 1488 1270 ‚
1536 1209 1599 1256 et
1629 1200 1765 1257 Bea-

156 1278 368 1340 tcrum,
421 1273 714 1333 instando
757 1273 924 1350 apud
981 1279 1301 1337 Summum
1361 1275 1717 1334 Pontificem
1744 1319 1760 1346 ‚

151 1354 207 1404 ut
256 1367 464 1408 eorum
506 1350 980 1412 Beatiflcationis
1017 1397 1034 1422 ‚
1087 1361 1199 1411 aut
1260 1352 1761 1412 canonizationis

151 1426 332 1484 Causae
347 1429 817 1487 committantur
831 1449 941 1487 seu.
953 1427 1219 1488 ulterius
1239 1439 1729 1504 promoveantur
1744 1468 1759 1496 ‚

147 1508 248 1557 aut·
291 1503 630 1577 respective
690 1505 1140 1580 expediantur3
1184 1503 1708 1581 quemadmodum
1744 1549 1761 1573 ‚

144 1571 415 1652 abrogato
452 1579 650 1636 veteri
681 1599 852 1636 more
893 1582 1096 1638 minus
1137 1580 1426 1640 decenter
1469 1581 1759 1653 inductu,

144 1650 509 1712 declamandi
547 1651 778 1712 scilicet
813 1653 895 1710 de
939 1654 1124 1712 rebus
1167 1657 1478 1729 profanis,
1524 1669 1589 1714 et
1632 1657 1759 1732 ple·

142 1745 384 1804 rumque
417 1726 497 1786 de
539 1728 950 1787 atrocioribus
977 1730 1345 1788 criminibus
1380 1731 1659 1789 confictis
1699 1743 1764 1789 et
1844 1762 1852 1780 a

141 1803 530 1878 imaginariis,
573 1823 684 1880 per
725 1805 964 1864 Urbani
999 1809 1171 1882 Papae
1219 1810 1388 1865 VIII.
1432 1805 1759 1864 Praedeces-
1827 1865 1842 1872 ,

141 1879 270 1938 soris
303 1879 510 1938 Nostri
537 1885 864 1940 Decretum
901 1880 1018 1940 sub
1055 1881 1156 1939 die
1186 1882 1474 1956 vigesima
1506 1886 1765 1954 septima
1798 1931 1807 1938 .

141 1956 396 2016 Januarii
437 1957 594 2016 anni
641 1955 950 2016 millesimi
989 1959 1412 2017 sexcentesimi
1471 1960 1765 2034 trigesimi
1828 1997 1837 2004 -

141 2033 302 2105 primi
333 2031 610 2104 edituum
633 2032 1011 2110 subsequuta
1047 2033 1277 2094 deinde
1314 2035 1477 2092 circa
1522 2035 1759 2097 methea

144 2107 274 2168 dum
297 2108 362 2168 in
405 2108 758 2185 hujusmodi
807 2110 1210 2170 Orationibus
1246 2110 1764 2187 servandampe·

143 2182 338 2244 culiari
373 2185 770 2246 institutione
795 2231 812 2257 ‚
854 2185 1168 2244 firmatum
1211 2187 1353 2244 fuit.
1384 2193 1499 2246 Pro
1534 2188 1763 2264 quibus

145 2260 521 2322 Orationibus
571 2261 939 2340 peragendis
967 2305 984 2332 ‚
1023 2280 1159 2335 quae
1205 2263 1270 2319 in
1323 2261 1481 2334 dun,
1533 2275 1655 2340 aut.
1682 2265 1761 2323 ad

143 2355 420 2398 summum
486 2339 554 2396 in
624 2340 742 2397 tria
803 2338 1184 2397 consistoria
1246 2336 1495 2412 singnlae
1567 2339 1764 2400 dividi

141 2424 574 2474 consueverunt
598 2457 616 2485 ‚
653 2433 916 2490 quaeque
957 2432 1082 2472 non
1121 2409 1318 2471 solum
1348 2432 1381 2470 a
1414 2415 1763 2474 Senioribus

141 2498 192 2547 et
219 2489 764 2566 Participantibus‚
799 2489 906 2548 sed
945 2489 1132 2546 etiam
1163 2509 1199 2546 a
1234 2487 1593 2547 Junioribus
1628 2501 1703 2564 et·
1728 2512 1765 2550 a

142 2564 604 2643 coadjutoribus
629 2585 744 2642 per
776 2575 1032 2624 turnum
1051 2607 1064 2632 ,
1099 2573 1345 2624 servato
1385 2565 1767 2624 antianitatis

141 2641 375 2714 ordine,
413 2653 478 2704 et
523 2663 564 2701 a
597 2641 1118 2718 coadjutoribus,
1155 2640 1465 2717 praedictis
1522 2652 1647 2698 tarn
1694 2659 1766 2700 ex

140 2721 362 2795 propria
384 2761 402 2792 ‚
445 2738 642 2797 quam
711 2739 782 2777 ex
840 2717 1130 2794 coadjuti
1184 2735 1445 2794 persona
1470 2763 1486 2790 ,
1550 2717 1769 2794 haberi

140 2793 313 2856 solent
343 2837 361 2867 ,
425 2797 648 2857 decem
695 2804 868 2854 scuta
922 2795 1056 2854 auri
1119 2794 1180 2852 in
1242 2814 1395 2852 auro
1446 2791 1766 2853 Advocato

139 2873 430 2944 peroranti
479 2875 602 2950 p'ro
644 2868 922 2946 qualibet
975 2870 1146 2943 vice3
1201 2890 1273 2929 ex
1324 2868 1769 2930 maleficiorum

138 2947 522 3020 proventibus
541 2990 559 3018 ‚
597 2947 880 3024 expedito
914 2945 1207 3008 Mandato
1240 2966 1279 3005 a
1318 2949 1571 3006 Notario
1604 2946 1762 3008 cha·-
1796 2971 1807 2978 ·

140 3023 346 3099 rimatis,
383 3044 589 3102 eoque
622 3045 658 3083 a
695 3023 1134 3084 Gubernator-e
1180 3021 1373 3103 Axlmae
1422 3022 1605 3083 Urbis
1632 3027 1763 3084 'No-

140 3107 260 3162 sti-te
297 3102 652 3178 subscripto
671 3144 690 3174 ‚
722 3098 989 3178 persolvi
1033 3099 1283 3159 debere.

203 3173 254 3254 S.
281 3173 370 3238 16.
396 3185 475 3240 In
501 3179 580 3238 iis
606 3179 842 3254 pariter
876 3173 1140 3254 publicis
1167 3175 1559 3236 consistoriis
1579 3217 1595 3246 ,
1633 3195 1768 3254 quae
1825 3215 1903 3267 Ac
1939 3217 2011 3266 rel
2018 3235 2043 3266 a

141 3269 238 3325 pro
287 3252 552 3334 alicuius
587 3255 756 3313 Beati
784 3253 1266 3314 canonizatione
1305 3263 1611 3328 coguntur
1634 3299 1653 3324 ‚
1689 3251 1765 3311 ad
1792 3285 1957 3334 250„ae
2010 3251 2067 3335 ixi
2097 3256 2103 3263 '

141 3328 512 3394 Advocatum
538 3332 811 3410 pertinet
841 3326 1293 3390 consistorialis
1315 3326 1487 3390 Aulae
1504 3373 1521 3401 ‚
1552 3331 1773 3402 vitam‚'
1790 3351 2013 3416 publicis

144 3406 424 3486 virtutes,
449 3419 640 3486 atque
665 3405 964 3469 miracula
997 3406 1170 3468 Servi
1201 3407 1311 3470 Dei
1340 3405 1470 3467 fase
1502 3407 1769 3482 integre·
1788 3415 2054 3473 consisto-
