2434 3992
613 252 618 259 ,
655 178 772 245 156
1181 178 1573 242 BENEmc'rl
1622 170 1798 237 XIV.

380 300 420 350 P
441 313 523 349 ou
543 314 591 347 ⁰1·-
647 289 931 346 nitantur
957 331 972 358 ‚
1007 287 1393 361 praecipimus
1414 330 1429 355 ‚
1471 295 1543 343 ut
1568 283 1645 340 ab
1678 276 2032 359 hujusmodi
2068 280 2279 355 impos-

393 366 459 417 A.
479 367 576 419 IV·
645 375 853 423 terum
881 363 1231 421 abstineant
1254 384 1271 437 ς
1304 360 1653 418 inhibentes
1678 362 1975 434 pr‘aeterea
1990 397 2007 425 ,
2032 376 2109 413 ne
2138 377 2275 431 quo-

651 460 914 514 cumque
957 450 1256 513 praetextu
1299 447 1409 494 aut
1438 436 1703 496 obtenu,
1749 434 1934 493 rebus
1960 431 2274 507 spirituali-

651 513 768 575 bus
819 516 1093 574 Nationis
1139 512 1835 583 Graeco-Melchitarum‚
1881 511 1944 566 in
2001 510 2277 581 iiS‚,quae

349 570 596 689 GN⁰q⁰⁸
725 601 932 650 ectant
997 591 1074 648 ad
1137 589 1634 647 Jurisdictionem
1670 632 1686 659 ,
1742 595 1807 644 et
1860 584 2275 642 auctoritatem

349 654 628 755 Μὶῗέὥῗαε
653 668 671 724 i
699 665 814 725 lius
836 666 1200 726 Patriarchae
1222 708 1239 729 ,
1268 667 1737 740 Episcoporum‚
1766 672 1829 719 et
1843 660 2275 731 Parochorum‚
2364 712 2373 717 .

349 772 418 819 „d
466 770 576 819 Bit,
651 740 716 801 se
747 745 1022 823 ingerere
1059 742 1361 821 audeant,
1389 750 1499 798 aut
1542 759 1756 797 eorum
1787 737 2045 795 subditis
2084 739 2278 794 transi-

349 836 585 887 Maroni-
652 828 787 877 tum
835 839 872 877 a
905 822 1117 877 Graeco
1153 818 1232 876 ad
1275 817 1703 875 Maroniticum
1745 815 1957 872 Ritum
2002 812 2274 884 suadere,

350 909 629 972 tay-‚aura—
651 894 750 955 vel
779 915 917 967 εοε,
960 896 1064 970 qui
1095 904 1313 969 sponte
1354 894 1617 951 transire
1660 888 1925 961 vellent,
1974 890 2095 946 nisi
2134 888 2274 946 forte

351 970 498 1019 hant.
648 970 990 1045 peculiares
1021 970 1285 1029 Romani
1324 968 1630 1027 Pontificis
1667 966 1916 1025 licentia
1952 966 2273 1023 interveni-

652 1058 749 1105 ret
769 1092 786 1119 ,
819 1057 1136 1122 acceptare
1187 1054 1582 1121 praesumant.

351 1152 483 1201 Item
503 1150 634 1200 Mis,
727 1120 924 1199 513.
983 1128 1060 1181 Et
1101 1124 1395 1197 quoniam
1445 1116 1852 1178 intelleximus
1902 1114 2274 1191 saepedictum

355 1219 594 1268 sionariis
650 1198 1070 1257 Patriarcham
1099 1197 1555 1257 Antiochenam
1574 1242 1590 1267 ‚
1614 1196 1791 1270 eique
1824 1192 2131 1270 subjectos
2156 1192 2272 1265 Epi-

353 1284 631 1335 Latinisne
651 1294 863 1350 scopos
883 1320 897 1341 ‚
943 1276 1180 1345 vereri,
1215 1292 1293 1331 ne
1322 1273 1732 1331 Missionnarii
1764 1272 1999 1341 Latini,
2040 1287 2188 1343 quos
2220 1269 2271 1325 in

353 1352 630 1429 praed-icto·
653 1349 1012 1409 eorumdem
1049 1348 1427 1425 adjutorium
1474 1360 1535 1407 et
1573 1347 1854 1407 levamen
1887 1392 1897 1412 ,
1947 1342 2275 1419 Apostolica

353 1434 638 1495 rvmjfflffl·
655 1426 836 1484 Sedes
877 1428 940 1483 in
981 1444 1081 1483 eas
1139 1425 1417 1497 regiones
1470 1425 1746 1491 mittere,
1798 1442 1909 1479 nec
1955 1424 2086 1479 sine
2124 1423 2274 1496 gravi

351 1484 1081 1573 ‘¹¹0¹¹⁰¹10minc0mmodo‚
1121 1501 1479 1575 magnisque
1504 1499 1847 1575 sumptibus
1886 1495 2012 1555 illic
2061 1506 2271 1555 susten·

355 1557 564 1667 {3:¹⁰⁹
656 1588 790 1636 tare
817 1578 1168 1651 consuevit,
1221 1575 1453 1634 utendo
1488 1575 1884 1635 facultatibus
1907 1574 2023 1632 sibi
2054 1592 2274 1645 conces-

485 1653 500 1667 ⁰
654 1655 771 1724 sis,
811 1674 1026 1712 eorum
1062 1652 1487 1711 Jurisdictioni
1534 1651 1954 1729 praejudicium
1996 1650 2272 1719 inferant,

655 1740 718 1789 et
757 1749 1084 1787 numerum
1139 1727 1530 1787 subditorum
1572 1730 1979 1793 imminuant,
2022 1723 2274 1786 volentes

654 1805 842 1864 etiam
875 1808 939 1864 in
984 1806 1099 1863 hac
1133 1815 1312 1880 parte
1354 1803 1708 1865 eorumdem
1734 1802 2123 1861 indemnitati
2148 1821 2269 1858 con·

653 1881 887 1952 sulere‚
933 1902 1004 1940 ac
1047 1879 1241 1938 libere
1282 1882 1543 1955 propriae
1583 1880 1967 1938 auctoritatis
2012 1878 2272 1937 exercitio

653 1960 1002 2089 prospicere
1038 2000 1054 2025 ‚
1101 1958 1430 2015 statuimus
1482 1958 1723 2031 primo,
1776 1966 1837 2014 et
1884 1954 2270 2022 declaramus»,

680 2035 840 2091 icere
867 2032 1297 2091 tantummodo
1334 2032 1653 2091 Fratribus
1693 2032 1946 2091 Ordinis
1988 2032 2270 2091 Minorum

410 2110 516 2160 Soli
537 2108 635 2159 Mi·
657 2110 861 2166 Sancti
912 2109 1235 2166 Francisci·
1254 2110 1563 2167 Custodiae
1596 2114 1799 2165 Terrae
1822 2112 2055 2166 Sanctae
2075 2152 2091 2179 ,
2117 2111 2268 2164 Paro·

357 2177 637 2253 ”Otilaemff’
659 2183 878 2242 chialia
933 2185 1141 2243 munia
1195 2182 1368 2241 obire
1418 2187 1579 2243 circa
1641 2188 1882 2243 Graecos
1936 2183 2269 2247 Melchitas·,

357 2260 469 2292 ”m
527 2260 636 2293 ⁸¹²¹·
659 2262 864 2336 eisque
897 2262 1286 2319 Sacramenta
1324 2260 1751 2319 administrare
1772 2307 1787 2333 ,
1826 2262 1890 2318 in
1920 2262 1992 2319 iis
2022 2259 2270 2319 locorum

357 2326 627 2427 ffigssgnt
657 2347 720 2395 et
778 2348 1128 2412 temporum
1191 2338 1702 2411 circumstantiiS‚
1762 2336 1995 2411 quibus⁴
2045 2337 2269 2395 omnino

357 2412 414 2491 {n
452 2444 632 2493 absen-
655 2412 900 2472 deficiat
952 2413 1169 2471 modus
1210 2412 1477 2471 habendi
1521 2413 1859 2472 Parocbum
1884 2460 1898 2483 ‚
1950 2408 2060 2471 aut
2105 2412 2270 2473 alium

357 2510 434 2557 tia
482 2508 634 2560 Paro·
654 2490 1009 2549 Antistitem
1039 2491 1234 2547 Graeci
1260 2490 1435 2547 Ritus
1466 2511 1481 2549 τ
1511 2495 1647 2564 Quo
1682 2510 1822 2547 casu
1849 2490 2120 2563 praedicti
2144 2494 2265 2546 Fra·

355 2574 442 2624 chi
466 2574 632 2627 Graeci
655 2576 781 2624 tres
811 2564 1228 2625 emolumenta
1262 2563 1531 2639 legitimo
1556 2572 1692 2642 jure
1731 2565 1939 2623 debita
1981 2567 2267 2641 percipere

654 2640 819 2700 licite
879 2640 1127 2701 valeant
1170 2686 1184 2709 ,
1248 2652 1311 2699 et
1356 2662 1391 2699 a
1442 2642 1862 2717 jurisdictione
1924 2640 2267 2701 Antiocheni

652 2718 1022 2778 Patriarchae
1053 2716 1405 2775 nullatenus
1428 2718 1542 2793 ipsi
1568 2717 1993 2793 dependeant3
2018 2718 2120 2777 sed
2144 2716 2269 2775 huic

656 2795 974 2853 dumtaxat
1005 2795 1243 2869 petenti
1276 2804 1608 2853 teneantur
1633 2792 1885 2869 singulis
1910 2797 2085 2853 annis
2122 2803 2269 2851 notu·

653 2869 782 2929 lam
822 2870 1068 2929 tradere
1094 2870 1457 2929 Animarum
1484 2872 1679 2929 Graeci
1714 2874 1891 2929 Ritus
1922 2873 1988 2929 in
2017 2892 2084 2931 ea
2116 2870 2266 2929 Civi-

655 2956 784 3005 tate
809 2992 826 3020 ,
859 2966 964 3004 seu
1004 2945 1142 3005 loco
1183 2948 1603 3019 existentium,
1634 2957 1849 3023 utpote
1878 2968 2013 3023 quae
2054 2949 2113 3007 in
2145 2941 2264 3003 reli-

658 3025 794 3097 quis
832 3022 1027 3080 eidem
1075 3022 1439 3081 Patriarchae
1492 3024 1746 3081 omnino
1784 3024 2029 3083 subesse
2076 3019 2267 3082 intelli-

655 3109 902 3171 gantur.
935 3103 1129 3157 Curet
1174 3109 1380 3157 autem
1428 3098 1779 3159 patriarcha
1819 3120 1933 3176 pro
1959 3102 2051 3159 sui
2090 3116 2265 3158 mune-

655 3176 740 3231 ris
807 3172 1206 3248 implemento
1239 3219 1253 3243 ,
1302 3185 1374 3233 ut
1432 3176 1805 3252 ubicumque
1854 3196 2007 3252 opus
2060 3176 2261 3237 fuerit,

655 3248 960 3337 Catholici
987 3251 1237 3309 Parochi
1277 3252 1447 3327 copia
1492 3263 1803 3328 suppetat,
1842 3274 1876 3311 a
1908 3273 2031 3329 quo
2055 3250 2264 3329 praefati

655 3326 1166 3387 Graeci-Melchitoe
1191 3333 1578 3388 Sacramenta
1617 3332 1829 3391 Graeco
1850 3333 2000 3389 Ritu
2025 3331 2263 3404 recipere

656 3412 904 3473 queant.
1045 3420 1053 3423 ·
