2434 3992
627 206 635 214 '
684 180 1155 262 summum.
1611 212 1732 283 297

149 300 370 374 formas,
409 318 649 375 causas,
694 312 757 362 et
796 304 1137 363 occasiones
1177 297 1580 379 praesentibus
1618 318 1734 373 pro
1792 306 2004 362 A‘nno

147 376 291 451 plene
316 421 331 447 ‚
374 386 435 435 et
468 374 836 437 sufficienter
874 380 1165 455 expressis
1192 423 1209 452 ,
1258 388 1320 436 et
1359 377 1734 435 exactissime
1833 370 1978 438 1744·

146 454 358 512 servatis
394 463 457 512 et
493 454 849 529 specificatis
874 455 1209 532 respective
1237 452 1538 511 habentes
1558 492 1574 521 ‚
1611 448 1733 508 illis

146 526 263 587 alias
293 526 351 586 in
380 548 490 588 suo
510 530 735 589 robore
757 531 1177 607 permansuris
1196 573 1213 603 ‚
1247 528 1360 588 hac
1391 528 1522 590 vice
1550 525 1726 585 dum-

143 614 304 675 taxat,
328 604 405 663 ad
438 608 895 681 praemissorum
932 605 1217 665 effectum
1246 604 1592 681 plenissime
1615 644 1632 673 ,
1667 612 1734 660 et

143 678 461 755 amplissime
484 685 659 741 motu
688 683 823 759 pari
852 682 1213 758 derogamus
1233 720 1252 747 ,
1281 691 1344 739 et
1370 680 1731 754 derogatum

142 776 237 814 esse
283 754 563 817 volumus
609 798 630 825 ,
682 760 1040 837 caeterisque
1097 756 1424 819 contrariis
1475 753 1726 830 quibus·

142 852 379 918 cumque.

192 946 237 1025 §.
280 966 363 1007 11.
408 949 715 1012 Volumus
755 951 1040 1027 insuper,
1088 960 1153 1009 et
1203 948 1417 1008 eadem
1467 947 1728 1005 auctori-
1781 937 2029 1017 ‘Punblica-

141 1031 234 1083 tate
258 1024 532 1100 praedicta
559 1025 921 1085 mandamus
948 1072 965 1100 ‚
1000 1036 1071 1085 ut
1100 1025 1325 1085 eaedem
1369 1032 1696 1101 praesentes
1713 1066 1729 1094 ,
1753 1005 2029 1084 ‘¹9⁰¹(J0n‘

142 1101 263 1159 etin
306 1104 389 1160 eis
422 1112 719 1162 contenta
756 1121 1161 1179 quascumque
1188 1102 1280 1161 ad·
1299 1101 1580 1161 omnium
1617 1118 1726 1157 no·
1751 1077 1990 1185 ⁸².¹²¹.¹²¹‘1‘f

140 1176 297 1236 titiam
341 1176 581 1237 facilius
634 1176 1059 1249 deducantur,
1112 1197 1227 1236 nec
1283 1178 1607 1253 quisquam
1650 1172 1728 1232 de
1749 1152 2030 1253 lufft'rffbuir:

138 1252 198 1309 eis
234 1255 639 1329 ignorantiam
677 1253 1058 1329 praetendere
1096 1251 1333 1324 valeat,
1379 1253 1539 1326 ipsas
1571 1269 1722 1325 prae-
1751 1276 1835 1317 tur
1917 1271 1998 1319 vis

139 1338 293 1388 sentes
332 1371 348 1396 ,
398 1351 509 1389 seu
578 1349 791 1389 earum
858 1339 1244 1403 transumpta
1279 1372 1296 1400 ,
1355 1328 1436 1385 ad
1511 1326 1724 1386 valvas
1748 1350 1992 1399 persona.

138 1403 365 1481 Ecclesiae
418 1410 479 1465 S.
539 1407 793 1464 Joannis
834 1406 899 1464 in
948 1409 1300 1474 Laterano,
1343 1414 1408 1461 et
1450 1401 1720 1461 Basilicas
1745 1400 1812 1451 lit
1859 1465 1871 1477 ⁶
1899 1401 2024 1477 5¹²3?-

140 1482 380 1557 Principis
417 1479 856 1558 Apostolorum
900 1479 977 1539 de
1014 1478 1217 1551 Urbe,
1267 1498 1506 1539 necnon
1557 1484 1715 1538 Can·
1744 1472 1993 1543 mahf’m‘

140 1554 345 1615 oellariae
380 1555 777 1633 Apostolicae,
812 1558 1133 1630 Curiaeque
1164 1554 1484 1615 Generalis
1530 1561 1716 1613 Inno·
1742 1533 1990 1582 ⁰¹¹¹⁰¹b¹¹⁸

139 1636 381 1693 centianae
418 1635 485 1692 in
518 1638 727 1690 Monte
756 1631 1099 1702 Citatorio,
1136 1642 1199 1689 et
1227 1633 1289 1688 in
1325 1633 1472 1689 Acie
1501 1631 1720 1704 Campi
1743 1598 1914 1649 stem·

139 1706 279 1769 Florae
324 1730 443 1785 per
488 1706 755 1782 aliquem
805 1724 875 1764 ex
915 1704 1286 1779 Culrsoribus
1327 1707 1561 1763 Nostris
1593 1750 1607 1767 ,
1650 1716 1724 1761 ut

140 1788 273 1845 moris
300 1795 431 1857 est,
518 1782 812 1853 ublicari‚
844 1791 908 1855 et
936 1779 1093 1855 affigi
1139 1802 1156 1838 :
1198 1781 1405 1856 sicque
1445 1777 1718 1853 publica-

139 1868 231 1931 tas,
270 1874 329 1921 et
376 1882 413 1919 a
489 1880 621 1930 xas,
658 1877 867 1917 omnes
905 1868 969 1916 et
1016 1854 1322 1991 singulm,
1371 1874 1525 1930 quos
1573 1874 1722 1912 con-

138 1949 390 2011 cernunt,
439 1955 548 1995 seu
598 1944 971 1993 concernent
1006 1933 1069 1993 in
1136 1942 1424 2004 uturum,
1463 1930 1722 2006 perinde

138 2010 366 2078 afficere.
408 2022 471 2071 et
518 2020 759 2070 arctare
787 2054 803 2083 ‚
850 2030 919 2068 ac
964 2010 1015 2067 si
1068 2008 1404 2082 unicuique
1467 2004 1720 2067 illorum

136 2088 489 2158 personaliter
538 2087 830 2145 intimatae
850 2130 868 2159 ‚
910 2096 975 2145 et
1004 2084 1332 2144 notificatae
1359 2082 1639 2143 fuissent.

195 2204 240 2283 §-
291 2227 376 2265 12.
427 2210 635 2283 thue
684 2202 1037 2263 earumdem
1096 2202 1489 2275 praesentium
1541 2210 1710 2260 tran.
1741 2196 2022 2274 Transum-

132 2284 377 2358 sumptis,
413 2304 523 2342 seu
566 2300 730 2339 exem
779 2277 887 2350 lis,
929 2278 1113 2336 etiam
1152 2278 1484 2350 impressiS,
1524 2295 1712 2337 manu
1735 2271 1839 2331 ptis
1861 2265 2019 2342 fidem

130 2356 338 2435 a{leuius
375 2359 615 2420 Notarii
696 2376 734 2414 u
785 2353 886 2421 lici
939 2353 1330 2426 subscriptis,
1387 2370 1456 2410 ac
1517 2352 1712 2426 sigillo
1733 2338 1974 2408 praes-tan

132 2436 355 2495 Personae
408 2437 472 2495 in
528 2438 643 2491 Ecc
671 2426 941 2490 esiastica
1001 2423 1301 2501 dignitate
1364 2426 1714 2486 constitutae'
1733 2404 1989 2448 numus·

132 2513 337 2572 munitis
365 2556 380 2582 ‚
426 2510 641 2571 eadem
728 2525 931 2566 rorsus
980 2504 1129 2563 fides
1170 2504 1397 2562 tamin
1442 2500 1710 2576 judicio,

128 2602 275 2657 quam
322 2598 494 2647 extra
539 2583 649 2643 illu
716 2626 729 2648 ‚
766 2583 994 2659 ubique
1032 2580 1310 2639 locorum
1369 2575 1670 2637 habeatur
1696 2623 1712 2649 ,

130 2678 231 2732 quae
268 2664 402 2739 ipsis
486 2658 843 2720 raesentibus
874 2658 1212 2719 haberetur
1245 2700 1260 2727 ,
1293 2655 1340 2711 si
1374 2652 1578 2711 forent
1616 2672 1710 2710 ex-

131 2733 298 2801 hibitae
315 2787 330 2813 ‚
369 2760 442 2799 ve
506 2747 782 2797 ostensae.

1805 2851 2012 2905 Sanctio

184 2871 228 2949 §-
259 2874 341 2934 13.
384 2872 557 2937 Nulli
585 2893 728 2949 ergo
756 2870 1012 2931 omnino
1044 2870 1366 2930 hominum
1397 2866 1578 2927 liceat
1605 2885 1711 2943 pa·-
1738 2920 1976 2987 poenali..

132 2948 297 3019 ginam
333 2953 493 3012 hanc
518 2960 871 3011 nostrarum
906 2946 1439 3019 confirmationis,
1482 2945 1712 3019 Appro-

129 3020 386 3102 bationis,
439 3025 901 3097 Innovationis,
946 3020 1298 3086 Voluntatis
1324 3067 1339 3089 ,
1394 3020 1666 3079 Mandati
1698 3061 1714 3088 ,

130 3101 344 3173 statuti,
380 3106 625 3164 Dect-eti
645 3145 662 3176 ,
697 3100 1135 3161 Declarationis
1160 3144 1176 3169 ‚
1223 3096 1584 3170 infringere,
1615 3094 1717 3155 vel

129 3176 170 3232 ei
200 3198 331 3240 ausu
360 3181 687 3241 temerario
724 3177 1056 3237 contraire.
1094 3176 1155 3233 Si
1192 3174 1330 3249 quis
1354 3182 1562 3231 autem
1597 3170 1716 3229 hoe

130 3261 395 3317 attentare
439 3255 930 3334 praesumpserit,
968 3251 1450 3325 indignationem
1495 3249 1711 3306 Omni-

129 3336 355 3397 potentis
388 3335 535 3405 Dei,
566 3343 627 3391 et
652 3338 978 3391 Beatorum
1001 3328 1200 3395 Petri,
1245 3334 1305 3383 et
1345 3320 1513 3383 Pauli
1549 3328 1708 3399 Apo·

128 3403 385 3471 stolorum
422 3416 553 3487 ejus
591 3428 654 3471 se
694 3407 938 3469 noverit
974 3406 1389 3538 incursurng
