<?xml version="1.0" encoding="UTF-8"?>
<!DOCTYPE html PUBLIC "-//W3C//DTD XHTML 1.0 Transitional//EN"
    "http://www.w3.org/TR/xhtml1/DTD/xhtml1-transitional.dtd">
<html xmlns="http://www.w3.org/1999/xhtml" xml:lang="en" lang="en">
 <head>
  <title>
</title>
<meta http-equiv="Content-Type" content="text/html;charset=utf-8" />
  <meta name='ocr-system' content='tesseract 3.04.00' />
  <meta name='ocr-capabilities' content='ocr_page ocr_carea ocr_par ocr_line ocrx_word'/>
</head>
<body>
  <div class='ocr_page' id='page_1' title='image "benedictipapaex02xivgoog_0259.png"; bbox 0 0 2434 3992; ppageno 0'>
   <div class='ocr_carea' id='block_1_1' title="bbox 751 198 1777 271">
    <p class='ocr_par' dir='ltr' id='par_1_1' title="bbox 751 198 1777 271">
     <span class='ocr_line' id='line_1_1' title="bbox 751 198 1777 271; baseline 0.002 -3"><span class='ocrx_word' id='word_1_1' title='bbox 751 198 1204 271; x_wconf 69' lang='lat' dir='ltr'>BULLARWM.</span> <span class='ocrx_word' id='word_1_2' title='bbox 1261 256 1265 266; x_wconf 81' lang='grc'><em>,</em></span> <span class='ocrx_word' id='word_1_3' title='bbox 1660 226 1738 269; x_wconf 84' lang='lat'><strong>22</strong></span> <span class='ocrx_word' id='word_1_4' title='bbox 1752 230 1777 271; x_wconf 78' lang='lat' dir='ltr'><strong>l</strong></span> 
     </span>
    </p>
   </div>
   <div class='ocr_carea' id='block_1_2' title="bbox 173 309 2091 1849">
    <p class='ocr_par' dir='ltr' id='par_1_2' title="bbox 173 309 2058 467">
     <span class='ocr_line' id='line_1_2' title="bbox 173 309 2058 391; baseline 0.001 -19"><span class='ocrx_word' id='word_1_5' title='bbox 173 313 250 372; x_wconf 77' lang='lat' dir='ltr'><strong>vis</strong></span> <span class='ocrx_word' id='word_1_6' title='bbox 277 309 662 381; x_wconf 67' lang='lat' dir='ltr'>inhabilitate</span> <span class='ocrx_word' id='word_1_7' title='bbox 681 357 698 385; x_wconf 89' lang='lat'><strong>,</strong></span> <span class='ocrx_word' id='word_1_8' title='bbox 731 310 990 390; x_wconf 90' lang='lat' dir='ltr'><strong>aliisque</strong></span> <span class='ocrx_word' id='word_1_9' title='bbox 1014 312 1353 373; x_wconf 82' lang='lat' dir='ltr'><strong>defectibus</strong></span> <span class='ocrx_word' id='word_1_10' title='bbox 1388 314 1782 391; x_wconf 86' lang='lat' dir='ltr'><strong>quibuscum·</strong></span> <span class='ocrx_word' id='word_1_11' title='bbox 1843 322 1887 372; x_wconf 86' lang='grc' dir='ltr'><strong>Α</strong></span> <span class='ocrx_word' id='word_1_12' title='bbox 1914 340 1942 373; x_wconf 74' lang='grc' dir='ltr'><strong>ιι</strong></span> <span class='ocrx_word' id='word_1_13' title='bbox 1968 338 2001 373; x_wconf 78' lang='grc' dir='ltr'><strong>ιι</strong></span> <span class='ocrx_word' id='word_1_14' title='bbox 2026 340 2058 373; x_wconf 91' lang='lat' dir='ltr'><strong>o</strong></span> 
     </span>
     <span class='ocr_line' id='line_1_3' title="bbox 175 388 2030 467; baseline 0.003 -20"><span class='ocrx_word' id='word_1_15' title='bbox 175 408 274 467; x_wconf 88' lang='lat' dir='ltr'><strong>que</strong></span> <span class='ocrx_word' id='word_1_16' title='bbox 327 410 446 447; x_wconf 90' lang='lat' dir='ltr'><strong>non</strong></span> <span class='ocrx_word' id='word_1_17' title='bbox 487 388 878 459; x_wconf 79' lang='lat' dir='ltr'><strong>obstantibus</strong></span> <span class='ocrx_word' id='word_1_18' title='bbox 903 434 918 463; x_wconf 90' lang='lat'>‚</span> <span class='ocrx_word' id='word_1_19' title='bbox 969 394 1260 467; x_wconf 85' lang='lat' dir='ltr'><strong>susceptis</strong></span> <span class='ocrx_word' id='word_1_20' title='bbox 1302 392 1677 465; x_wconf 76' lang='lat' dir='ltr'><strong>OrdinibuS,</strong></span> <span class='ocrx_word' id='word_1_21' title='bbox 1722 401 1785 451; x_wconf 87' lang='lat' dir='ltr'><strong>et</strong></span> <span class='ocrx_word' id='word_1_22' title='bbox 1882 388 2030 457; x_wconf 74' lang='lat'><strong>¹744·</strong></span> 
     </span>
    </p>

    <p class='ocr_par' dir='ltr' id='par_1_3' title="bbox 175 463 2047 541">
     <span class='ocr_line' id='line_1_4' title="bbox 175 463 2047 541; baseline 0 -16"><span class='ocrx_word' id='word_1_23' title='bbox 175 486 362 525; x_wconf 84' lang='lat' dir='ltr'><strong>eorum</strong></span> <span class='ocrx_word' id='word_1_24' title='bbox 397 463 730 541; x_wconf 84' lang='lat' dir='ltr'><strong>Privilegiis</strong></span> <span class='ocrx_word' id='word_1_25' title='bbox 758 469 882 538; x_wconf 84' lang='lat' dir='ltr'><strong>uti,</strong></span> <span class='ocrx_word' id='word_1_26' title='bbox 925 488 996 526; x_wconf 85' lang='lat' dir='ltr'><strong>ac</strong></span> <span class='ocrx_word' id='word_1_27' title='bbox 1046 469 1109 527; x_wconf 88' lang='lat' dir='ltr'><strong>in</strong></span> <span class='ocrx_word' id='word_1_28' title='bbox 1151 468 1303 541; x_wconf 82' lang='lat' dir='ltr'><strong>illis,-</strong></span> <span class='ocrx_word' id='word_1_29' title='bbox 1344 470 1532 528; x_wconf 89' lang='lat' dir='ltr'><strong>etiam</strong></span> <span class='ocrx_word' id='word_1_30' title='bbox 1567 470 1633 527; x_wconf 85' lang='lat' dir='ltr'><strong>in</strong></span> <span class='ocrx_word' id='word_1_31' title='bbox 1676 466 1780 528; x_wconf 87' lang='lat' dir='ltr'><strong>Al·</strong></span> <span class='ocrx_word' id='word_1_32' title='bbox 1806 471 2047 537; x_wconf 74' lang='lat' dir='ltr'><strong>Regular-</strong></span> 
     </span>
    </p>

    <p class='ocr_par' dir='ltr' id='par_1_4' title="bbox 175 538 2091 1849">
     <span class='ocr_line' id='line_1_5' title="bbox 175 538 2089 617; baseline 0.003 -18"><span class='ocrx_word' id='word_1_33' title='bbox 175 544 304 601; x_wconf 85' lang='lat' dir='ltr'><strong>taris</strong></span> <span class='ocrx_word' id='word_1_34' title='bbox 338 543 680 602; x_wconf 87' lang='lat' dir='ltr'><strong>ministerio</strong></span> <span class='ocrx_word' id='word_1_35' title='bbox 716 546 1100 611; x_wconf 84' lang='lat' dir='ltr'><strong>ministrare,</strong></span> <span class='ocrx_word' id='word_1_36' title='bbox 1131 556 1193 605; x_wconf 87' lang='lat' dir='ltr'><strong>et</strong></span> <span class='ocrx_word' id='word_1_37' title='bbox 1233 545 1496 606; x_wconf 82' lang='lat' dir='ltr'><strong>Ordines</strong></span> <span class='ocrx_word' id='word_1_38' title='bbox 1526 565 1649 605; x_wconf 89' lang='lat' dir='ltr'><strong>non</strong></span> <span class='ocrx_word' id='word_1_39' title='bbox 1684 566 1782 605; x_wconf 85' lang='lat' dir='ltr'><strong>su·</strong></span> <span class='ocrx_word' id='word_1_40' title='bbox 1806 555 1964 604; x_wconf 72' lang='lat' dir='ltr'><strong>aupeu·</strong></span> <span class='ocrx_word' id='word_1_41' title='bbox 2009 538 2089 617; x_wconf 56' lang='grc' dir='ltr'><strong>ΞΓ·</strong></span> 
     </span>
     <span class='ocr_line' id='line_1_6' title="bbox 175 621 2091 699; baseline 0.004 -22"><span class='ocrx_word' id='word_1_42' title='bbox 175 628 384 695; x_wconf 86' lang='lat' dir='ltr'><strong>sceptos</strong></span> <span class='ocrx_word' id='word_1_43' title='bbox 431 621 774 697; x_wconf 81' lang='lat' dir='ltr'><strong>suscipere,</strong></span> <span class='ocrx_word' id='word_1_44' title='bbox 836 642 904 679; x_wconf 91' lang='lat' dir='ltr'><strong>ac</strong></span> <span class='ocrx_word' id='word_1_45' title='bbox 957 623 1022 681; x_wconf 87' lang='lat' dir='ltr'><strong>in</strong></span> <span class='ocrx_word' id='word_1_46' title='bbox 1065 622 1281 682; x_wconf 87' lang='lat' dir='ltr'><strong>iisdem</strong></span> <span class='ocrx_word' id='word_1_47' title='bbox 1326 625 1559 699; x_wconf 78' lang='lat' dir='ltr'><strong>pariter</strong></span> <span class='ocrx_word' id='word_1_48' title='bbox 1600 622 1781 681; x_wconf 89' lang='lat' dir='ltr'><strong>mini·</strong></span> <span class='ocrx_word' id='word_1_49' title='bbox 1804 622 1949 683; x_wconf 52' lang='lat' dir='ltr'><strong>&#39;&#39;⁶³&#39;&#39;ss</strong></span> <span class='ocrx_word' id='word_1_50' title='bbox 2004 622 2091 655; x_wconf 78' lang='lat'><strong>¹¹³·</strong></span> 
     </span>
     <span class='ocr_line' id='line_1_7' title="bbox 175 672 2089 777; baseline 0.003 -24"><span class='ocrx_word' id='word_1_51' title='bbox 175 707 377 760; x_wconf 81' lang='lat' dir='ltr'><strong>strare,</strong></span> <span class='ocrx_word' id='word_1_52' title='bbox 435 716 678 757; x_wconf 85' lang='lat' dir='ltr'><strong>necnon</strong></span> <span class='ocrx_word' id='word_1_53' title='bbox 734 718 1172 775; x_wconf 68' lang='lat' dir='ltr'><strong>quaecumque,</strong></span> <span class='ocrx_word' id='word_1_54' title='bbox 1227 704 1680 777; x_wconf 79' lang='lat' dir='ltr'><strong>quotcumque,</strong></span> <span class='ocrx_word' id='word_1_55' title='bbox 1722 709 1787 759; x_wconf 87' lang='lat' dir='ltr'><strong>et</strong></span> <span class='ocrx_word' id='word_1_56' title='bbox 1808 672 2089 724; x_wconf 68' lang='lat' dir='ltr'><strong>h⁸b¹¹‘⁸¹⁰‘</strong></span> 
     </span>
     <span class='ocr_line' id='line_1_8' title="bbox 177 770 1782 853; baseline 0.002 -22"><span class='ocrx_word' id='word_1_57' title='bbox 177 770 616 849; x_wconf 77' lang='lat' dir='ltr'><strong>qualiacumque</strong></span> <span class='ocrx_word' id='word_1_58' title='bbox 635 820 650 847; x_wconf 90' lang='lat'>‚</span> <span class='ocrx_word' id='word_1_59' title='bbox 677 792 930 835; x_wconf 88' lang='lat' dir='ltr'><strong>suorum</strong></span> <span class='ocrx_word' id='word_1_60' title='bbox 969 775 1279 835; x_wconf 87' lang='lat' dir='ltr'><strong>Ordinum</strong></span> <span class='ocrx_word' id='word_1_61' title='bbox 1302 818 1321 843; x_wconf 88' lang='lat'><strong>,</strong></span> <span class='ocrx_word' id='word_1_62' title='bbox 1353 787 1415 835; x_wconf 91' lang='lat' dir='ltr'><strong>et</strong></span> <span class='ocrx_word' id='word_1_63' title='bbox 1443 782 1782 853; x_wconf 77' lang='lat' dir='ltr'><strong>congrega-</strong></span> 
     </span>
     <span class='ocr_line' id='line_1_9' title="bbox 179 848 1784 927; baseline 0.003 -21"><span class='ocrx_word' id='word_1_64' title='bbox 179 852 385 909; x_wconf 84' lang='lat' dir='ltr'><strong>tionum</strong></span> <span class='ocrx_word' id='word_1_65' title='bbox 408 895 424 923; x_wconf 90' lang='lat'><strong>,</strong></span> <span class='ocrx_word' id='word_1_66' title='bbox 447 848 724 927; x_wconf 80' lang='lat' dir='ltr'><strong>alioquin</strong></span> <span class='ocrx_word' id='word_1_67' title='bbox 755 854 1049 912; x_wconf 87' lang='lat' dir='ltr'><strong>canonice</strong></span> <span class='ocrx_word' id='word_1_68' title='bbox 1072 853 1327 913; x_wconf 87' lang='lat' dir='ltr'><strong>obtenta</strong></span> <span class='ocrx_word' id='word_1_69' title='bbox 1346 890 1363 925; x_wconf 80' lang='lat'><strong>,</strong></span> <span class='ocrx_word' id='word_1_70' title='bbox 1398 850 1607 913; x_wconf 84' lang='lat' dir='ltr'><strong>Officia</strong></span> <span class='ocrx_word' id='word_1_71' title='bbox 1630 898 1646 919; x_wconf 82' lang='lat'><strong>,</strong></span> <span class='ocrx_word' id='word_1_72' title='bbox 1678 857 1784 911; x_wconf 59' lang='lat' dir='ltr'><strong>Be*-</strong></span> 
     </span>
     <span class='ocr_line' id='line_1_10' title="bbox 179 926 1787 1007; baseline 0.002 -24"><span class='ocrx_word' id='word_1_73' title='bbox 179 926 362 987; x_wconf 85' lang='lat' dir='ltr'><strong>neficia</strong></span> <span class='ocrx_word' id='word_1_74' title='bbox 383 926 687 1002; x_wconf 77' lang='lat' dir='ltr'><strong>regularia</strong></span> <span class='ocrx_word' id='word_1_75' title='bbox 708 974 725 1002; x_wconf 89' lang='lat'><strong>,</strong></span> <span class='ocrx_word' id='word_1_76' title='bbox 761 931 1006 1001; x_wconf 86' lang='lat' dir='ltr'><strong>munia,-</strong></span> <span class='ocrx_word' id='word_1_77' title='bbox 1031 931 1557 1007; x_wconf 79' lang='lat' dir='ltr'><strong>praeeminentiaS,</strong></span> <span class='ocrx_word' id='word_1_78' title='bbox 1593 929 1787 1005; x_wconf 82' lang='lat' dir='ltr'><strong>digni·</strong></span> 
     </span>
     <span class='ocr_line' id='line_1_11' title="bbox 178 1003 1785 1084; baseline 0.003 -24"><span class='ocrx_word' id='word_1_79' title='bbox 178 1012 340 1077; x_wconf 76' lang='lat' dir='ltr'><strong>tateS,</strong></span> <span class='ocrx_word' id='word_1_80' title='bbox 375 1014 438 1063; x_wconf 90' lang='lat' dir='ltr'><strong>et</strong></span> <span class='ocrx_word' id='word_1_81' title='bbox 465 1003 860 1080; x_wconf 64' lang='lat' dir='ltr'><strong>praelaturas,</strong></span> <span class='ocrx_word' id='word_1_82' title='bbox 899 1007 1086 1066; x_wconf 85' lang='lat' dir='ltr'><strong>etiam</strong></span> <span class='ocrx_word' id='word_1_83' title='bbox 1119 1013 1412 1084; x_wconf 77' lang='lat' dir='ltr'><strong>majores,</strong></span> <span class='ocrx_word' id='word_1_84' title='bbox 1456 1017 1518 1065; x_wconf 91' lang='lat' dir='ltr'><strong>et</strong></span> <span class='ocrx_word' id='word_1_85' title='bbox 1559 1007 1785 1083; x_wconf 83' lang='lat' dir='ltr'><strong>princi-</strong></span> 
     </span>
     <span class='ocr_line' id='line_1_12' title="bbox 179 1078 1792 1155; baseline 0.003 -17"><span class='ocrx_word' id='word_1_86' title='bbox 179 1078 321 1155; x_wconf 83' lang='lat' dir='ltr'><strong>pales</strong></span> <span class='ocrx_word' id='word_1_87' title='bbox 339 1122 356 1155; x_wconf 83' lang='lat'><strong>,</strong></span> <span class='ocrx_word' id='word_1_88' title='bbox 392 1082 661 1141; x_wconf 86' lang='lat' dir='ltr'><strong>retinere</strong></span> <span class='ocrx_word' id='word_1_89' title='bbox 697 1093 758 1142; x_wconf 92' lang='lat' dir='ltr'><strong>et</strong></span> <span class='ocrx_word' id='word_1_90' title='bbox 785 1104 1095 1155; x_wconf 86' lang='lat' dir='ltr'><strong>exercere,</strong></span> <span class='ocrx_word' id='word_1_91' title='bbox 1125 1103 1370 1143; x_wconf 84' lang='lat' dir='ltr'><strong>necnon</strong></span> <span class='ocrx_word' id='word_1_92' title='bbox 1398 1082 1609 1143; x_wconf 87' lang='lat' dir='ltr'><strong>eadem</strong></span> <span class='ocrx_word' id='word_1_93' title='bbox 1632 1128 1649 1155; x_wconf 85' lang='lat'><strong>,</strong></span> <span class='ocrx_word' id='word_1_94' title='bbox 1682 1102 1792 1143; x_wconf 86' lang='lat' dir='ltr'><strong>seu</strong></span> 
     </span>
     <span class='ocr_line' id='line_1_13' title="bbox 181 1156 1786 1237; baseline 0.002 -23"><span class='ocrx_word' id='word_1_95' title='bbox 181 1156 389 1216; x_wconf 80' lang='lat' dir='ltr'><strong>easdem</strong></span> <span class='ocrx_word' id='word_1_96' title='bbox 407 1204 426 1233; x_wconf 89' lang='lat'><strong>,</strong></span> <span class='ocrx_word' id='word_1_97' title='bbox 449 1158 526 1217; x_wconf 88' lang='lat' dir='ltr'><strong>ad</strong></span> <span class='ocrx_word' id='word_1_98' title='bbox 550 1179 686 1237; x_wconf 84' lang='lat' dir='ltr'><strong>quae</strong></span> <span class='ocrx_word' id='word_1_99' title='bbox 703 1206 719 1228; x_wconf 88' lang='lat'>‚</span> <span class='ocrx_word' id='word_1_100' title='bbox 739 1178 848 1219; x_wconf 84' lang='lat' dir='ltr'><strong>seu</strong></span> <span class='ocrx_word' id='word_1_101' title='bbox 875 1179 1025 1234; x_wconf 88' lang='lat' dir='ltr'><strong>quas</strong></span> <span class='ocrx_word' id='word_1_102' title='bbox 1045 1164 1110 1219; x_wconf 89' lang='lat' dir='ltr'><strong>in</strong></span> <span class='ocrx_word' id='word_1_103' title='bbox 1139 1161 1423 1220; x_wconf 88' lang='lat' dir='ltr'><strong>futurum</strong></span> <span class='ocrx_word' id='word_1_104' title='bbox 1454 1159 1786 1233; x_wconf 85' lang='lat' dir='ltr'><strong>canonice,</strong></span> 
     </span>
     <span class='ocr_line' id='line_1_14' title="bbox 182 1236 1785 1313; baseline 0.004 -22"><span class='ocrx_word' id='word_1_105' title='bbox 182 1244 228 1291; x_wconf 86' lang='lat' dir='ltr'><strong>et</strong></span> <span class='ocrx_word' id='word_1_106' title='bbox 265 1239 425 1313; x_wconf 79' lang='lat' dir='ltr'><strong>juxta</strong></span> <span class='ocrx_word' id='word_1_107' title='bbox 463 1236 820 1295; x_wconf 87' lang='lat' dir='ltr'><strong>eorumdem</strong></span> <span class='ocrx_word' id='word_1_108' title='bbox 854 1237 1200 1309; x_wconf 67' lang='lat' dir='ltr'><strong>Ominum,</strong></span> <span class='ocrx_word' id='word_1_109' title='bbox 1244 1249 1307 1297; x_wconf 89' lang='lat' dir='ltr'><strong>et</strong></span> <span class='ocrx_word' id='word_1_110' title='bbox 1348 1236 1785 1312; x_wconf 82' lang='lat' dir='ltr'><strong>Congregatio·</strong></span> 
     </span>
     <span class='ocr_line' id='line_1_15' title="bbox 182 1311 1789 1390; baseline 0.001 -19"><span class='ocrx_word' id='word_1_111' title='bbox 182 1332 306 1371; x_wconf 89' lang='lat' dir='ltr'><strong>num</strong></span> <span class='ocrx_word' id='word_1_112' title='bbox 349 1311 646 1389; x_wconf 85' lang='lat' dir='ltr'><strong>regularia</strong></span> <span class='ocrx_word' id='word_1_113' title='bbox 698 1314 1030 1388; x_wconf 72' lang='lat' dir='ltr'><strong>Instituta,</strong></span> <span class='ocrx_word' id='word_1_114' title='bbox 1085 1314 1420 1390; x_wconf 85' lang='lat' dir='ltr'><strong>eligentur,</strong></span> <span class='ocrx_word' id='word_1_115' title='bbox 1464 1311 1563 1375; x_wconf 82' lang='lat' dir='ltr'><strong>vel</strong></span> <span class='ocrx_word' id='word_1_116' title='bbox 1609 1312 1789 1373; x_wconf 79' lang='lat' dir='ltr'><strong>aliter</strong></span> 
     </span>
     <span class='ocr_line' id='line_1_16' title="bbox 181 1388 1789 1469; baseline 0.002 -23"><span class='ocrx_word' id='word_1_117' title='bbox 181 1400 538 1451; x_wconf 83' lang='lat' dir='ltr'><strong>assumentur</strong></span> <span class='ocrx_word' id='word_1_118' title='bbox 557 1436 572 1458; x_wconf 90' lang='lat'><strong>‚</strong></span> <span class='ocrx_word' id='word_1_119' title='bbox 617 1392 886 1467; x_wconf 86' lang='lat' dir='ltr'><strong>recipere</strong></span> <span class='ocrx_word' id='word_1_120' title='bbox 905 1436 922 1465; x_wconf 91' lang='lat'><strong>,</strong></span> <span class='ocrx_word' id='word_1_121' title='bbox 967 1394 1249 1467; x_wconf 87' lang='lat' dir='ltr'><strong>assequi,</strong></span> <span class='ocrx_word' id='word_1_122' title='bbox 1288 1412 1499 1469; x_wconf 86' lang='lat' dir='ltr'><strong>gerere</strong></span> <span class='ocrx_word' id='word_1_123' title='bbox 1519 1436 1535 1461; x_wconf 86' lang='lat'><strong>,</strong></span> <span class='ocrx_word' id='word_1_124' title='bbox 1590 1410 1661 1449; x_wconf 90' lang='lat' dir='ltr'><strong>ac</strong></span> <span class='ocrx_word' id='word_1_125' title='bbox 1704 1388 1789 1449; x_wconf 81' lang='lat' dir='ltr'><strong>li-</strong></span> 
     </span>
     <span class='ocr_line' id='line_1_17' title="bbox 182 1462 1815 1545; baseline 0.003 -23"><span class='ocrx_word' id='word_1_126' title='bbox 182 1462 306 1525; x_wconf 70' lang='lat' dir='ltr'><strong>bere</strong></span> <span class='ocrx_word' id='word_1_127' title='bbox 324 1510 338 1535; x_wconf 88' lang='lat'><em>‚</em></span> <span class='ocrx_word' id='word_1_128' title='bbox 365 1476 426 1525; x_wconf 87' lang='lat' dir='ltr'><strong>et</strong></span> <span class='ocrx_word' id='word_1_129' title='bbox 449 1464 615 1525; x_wconf 73' lang='lat' dir='ltr'><strong>licite</strong></span> <span class='ocrx_word' id='word_1_130' title='bbox 639 1488 918 1530; x_wconf 86' lang='lat' dir='ltr'><strong>exercere</strong></span> <span class='ocrx_word' id='word_1_131' title='bbox 938 1466 1188 1529; x_wconf 83' lang='lat' dir='ltr'><strong>valeant</strong></span> <span class='ocrx_word' id='word_1_132' title='bbox 1204 1515 1223 1539; x_wconf 87' lang='lat'>‚</span> <span class='ocrx_word' id='word_1_133' title='bbox 1250 1469 1604 1545; x_wconf 88' lang='lat' dir='ltr'><strong>dispensare</strong></span> <span class='ocrx_word' id='word_1_134' title='bbox 1622 1512 1637 1541; x_wconf 90' lang='lat'>‚</span> <span class='ocrx_word' id='word_1_135' title='bbox 1656 1486 1785 1527; x_wconf 86' lang='lat' dir='ltr'><strong>eos·</strong></span> <span class='ocrx_word' id='word_1_136' title='bbox 1810 1512 1815 1521; x_wconf 51' lang='lat'><em>1</em></span> 
     </span>
     <span class='ocr_line' id='line_1_18' title="bbox 183 1542 1787 1623; baseline 0.003 -23"><span class='ocrx_word' id='word_1_137' title='bbox 183 1562 280 1619; x_wconf 84' lang='lat' dir='ltr'><strong>que</strong></span> <span class='ocrx_word' id='word_1_138' title='bbox 315 1542 376 1601; x_wconf 89' lang='lat' dir='ltr'><strong>in</strong></span> <span class='ocrx_word' id='word_1_139' title='bbox 401 1543 728 1619; x_wconf 83' lang='lat' dir='ltr'><strong>pristinum</strong></span> <span class='ocrx_word' id='word_1_140' title='bbox 755 1590 770 1617; x_wconf 90' lang='lat'>‚</span> <span class='ocrx_word' id='word_1_141' title='bbox 809 1555 872 1603; x_wconf 89' lang='lat' dir='ltr'><strong>et</strong></span> <span class='ocrx_word' id='word_1_142' title='bbox 895 1545 972 1604; x_wconf 89' lang='lat' dir='ltr'><strong>ad</strong></span> <span class='ocrx_word' id='word_1_143' title='bbox 1011 1566 1152 1605; x_wconf 86' lang='lat' dir='ltr'><strong>eum</strong></span> <span class='ocrx_word' id='word_1_144' title='bbox 1171 1592 1188 1617; x_wconf 90' lang='lat'><strong>,</strong></span> <span class='ocrx_word' id='word_1_145' title='bbox 1215 1548 1279 1605; x_wconf 89' lang='lat' dir='ltr'><strong>in</strong></span> <span class='ocrx_word' id='word_1_146' title='bbox 1308 1566 1431 1623; x_wconf 90' lang='lat' dir='ltr'><strong>quo</strong></span> <span class='ocrx_word' id='word_1_147' title='bbox 1460 1556 1608 1605; x_wconf 86' lang='lat' dir='ltr'><strong>ante</strong></span> <span class='ocrx_word' id='word_1_148' title='bbox 1634 1565 1787 1621; x_wconf 81' lang='lat' dir='ltr'><strong>prae-</strong></span> 
     </span>
     <span class='ocr_line' id='line_1_19' title="bbox 183 1618 1793 1697; baseline 0.004 -22"><span class='ocrx_word' id='word_1_149' title='bbox 183 1618 332 1679; x_wconf 88' lang='lat' dir='ltr'><strong>missa</strong></span> <span class='ocrx_word' id='word_1_150' title='bbox 363 1618 829 1696; x_wconf 86' lang='lat' dir='ltr'><strong>quomodolibet</strong></span> <span class='ocrx_word' id='word_1_151' title='bbox 853 1632 1032 1681; x_wconf 85' lang='lat' dir='ltr'><strong>erant</strong></span> <span class='ocrx_word' id='word_1_152' title='bbox 1049 1668 1064 1691; x_wconf 88' lang='lat'><strong>‚</strong></span> <span class='ocrx_word' id='word_1_153' title='bbox 1089 1633 1317 1682; x_wconf 83' lang='lat' dir='ltr'><strong>statum</strong></span> <span class='ocrx_word' id='word_1_154' title='bbox 1340 1668 1357 1697; x_wconf 87' lang='lat'><strong>,</strong></span> <span class='ocrx_word' id='word_1_155' title='bbox 1382 1633 1445 1681; x_wconf 87' lang='lat' dir='ltr'><strong>et</strong></span> <span class='ocrx_word' id='word_1_156' title='bbox 1472 1621 1551 1681; x_wconf 90' lang='lat' dir='ltr'><strong>ad</strong></span> <span class='ocrx_word' id='word_1_157' title='bbox 1578 1641 1793 1683; x_wconf 86' lang='lat' dir='ltr'><strong>vocem</strong></span> 
     </span>
     <span class='ocr_line' id='line_1_20' title="bbox 184 1698 1793 1775; baseline 0.002 -22"><span class='ocrx_word' id='word_1_158' title='bbox 184 1698 407 1755; x_wconf 82' lang='lat' dir='ltr'><strong>activam</strong></span> <span class='ocrx_word' id='word_1_159' title='bbox 435 1743 450 1770; x_wconf 92' lang='lat'><strong>,</strong></span> <span class='ocrx_word' id='word_1_160' title='bbox 493 1707 556 1756; x_wconf 88' lang='lat' dir='ltr'><strong>et</strong></span> <span class='ocrx_word' id='word_1_161' title='bbox 593 1700 901 1773; x_wconf 83' lang='lat' dir='ltr'><strong>passivam</strong></span> <span class='ocrx_word' id='word_1_162' title='bbox 948 1700 1309 1765; x_wconf 81' lang='lat' dir='ltr'><strong>restituere,</strong></span> <span class='ocrx_word' id='word_1_163' title='bbox 1352 1718 1687 1775; x_wconf 84' lang='lat' dir='ltr'><strong>reponere,</strong></span> <span class='ocrx_word' id='word_1_164' title='bbox 1730 1708 1793 1757; x_wconf 89' lang='lat' dir='ltr'><strong>et</strong></span> 
     </span>
     <span class='ocr_line' id='line_1_21' title="bbox 183 1770 1793 1849; baseline 0.002 -19"><span class='ocrx_word' id='word_1_165' title='bbox 183 1770 424 1846; x_wconf 78' lang='lat' dir='ltr'><strong>plenarie</strong></span> <span class='ocrx_word' id='word_1_166' title='bbox 461 1775 870 1849; x_wconf 83' lang='lat' dir='ltr'><strong>reintegrare,</strong></span> <span class='ocrx_word' id='word_1_167' title='bbox 916 1786 979 1833; x_wconf 87' lang='lat' dir='ltr'><strong>et</strong></span> <span class='ocrx_word' id='word_1_168' title='bbox 1057 1796 1225 1835; x_wconf 86' lang='lat' dir='ltr'><strong>cenas</strong></span> <span class='ocrx_word' id='word_1_169' title='bbox 1249 1772 1371 1833; x_wconf 90' lang='lat' dir='ltr'><strong>illis</strong></span> <span class='ocrx_word' id='word_1_170' title='bbox 1400 1776 1661 1849; x_wconf 82' lang='lat' dir='ltr'><strong>gratiose</strong></span> <span class='ocrx_word' id='word_1_171' title='bbox 1698 1793 1793 1833; x_wconf 86' lang='lat' dir='ltr'><strong>re-</strong></span> 
     </span>
    </p>
   </div>
   <div class='ocr_carea' id='block_1_3' title="bbox 185 1848 1795 2011">
    <p class='ocr_par' dir='ltr' id='par_1_5' title="bbox 185 1848 1795 2011">
     <span class='ocr_line' id='line_1_22' title="bbox 185 1848 1795 1924; baseline 0.002 -18"><span class='ocrx_word' id='word_1_172' title='bbox 185 1850 428 1924; x_wconf 82' lang='lat' dir='ltr'><strong>mittere,</strong></span> <span class='ocrx_word' id='word_1_173' title='bbox 472 1861 535 1910; x_wconf 88' lang='lat' dir='ltr'><strong>et</strong></span> <span class='ocrx_word' id='word_1_174' title='bbox 571 1851 964 1924; x_wconf 86' lang='lat' dir='ltr'><strong>condonare,</strong></span> <span class='ocrx_word' id='word_1_175' title='bbox 1045 1871 1174 1911; x_wconf 88' lang='lat' dir='ltr'><strong>non</strong></span> <span class='ocrx_word' id='word_1_176' title='bbox 1213 1860 1422 1911; x_wconf 83' lang='lat' dir='ltr'><strong>tam-en</strong></span> <span class='ocrx_word' id='word_1_177' title='bbox 1463 1848 1795 1909; x_wconf 80' lang='lat' dir='ltr'><strong>habilitare</strong></span> 
     </span>
     <span class='ocr_line' id='line_1_23' title="bbox 187 1918 1793 2011; baseline -0.001 -30"><span class='ocrx_word' id='word_1_178' title='bbox 187 1924 246 1984; x_wconf 82' lang='lat' dir='ltr'><strong>ad</strong></span> <span class='ocrx_word' id='word_1_179' title='bbox 277 1926 708 1987; x_wconf 83' lang='lat' dir='ltr'><strong>Generalatum</strong></span> <span class='ocrx_word' id='word_1_180' title='bbox 733 1966 749 1993; x_wconf 86' lang='lat'><strong>,</strong></span> <span class='ocrx_word' id='word_1_181' title='bbox 777 1920 1030 1999; x_wconf 87' lang='lat' dir='ltr'><strong>quando</strong></span> <span class='ocrx_word' id='word_1_182' title='bbox 1065 1925 1269 1999; x_wconf 83' lang='lat' dir='ltr'><strong>agitur</strong></span> <span class='ocrx_word' id='word_1_183' title='bbox 1296 1920 1374 1981; x_wconf 86' lang='lat' dir='ltr'><strong>de</strong></span> <span class='ocrx_word' id='word_1_184' title='bbox 1408 1918 1659 2011; x_wconf 78' lang='lat' dir='ltr'><strong>publico</strong></span> <span class='ocrx_word' id='word_1_185' title='bbox 1688 1942 1793 1980; x_wconf 87' lang='lat' dir='ltr'><strong>na·</strong></span> 
     </span>
    </p>
   </div>
   <div class='ocr_carea' id='block_1_4' title="bbox 187 1994 2109 3537">
    <p class='ocr_par' dir='ltr' id='par_1_6' title="bbox 187 1994 1797 2076">
     <span class='ocr_line' id='line_1_24' title="bbox 187 1994 1797 2076; baseline -0.001 -23"><span class='ocrx_word' id='word_1_186' title='bbox 187 1996 370 2059; x_wconf 84' lang='lat' dir='ltr'><strong>talium</strong></span> <span class='ocrx_word' id='word_1_187' title='bbox 411 1998 736 2073; x_wconf 84' lang='lat' dir='ltr'><strong>defectu)3</strong></span> <span class='ocrx_word' id='word_1_188' title='bbox 775 2020 888 2059; x_wconf 91' lang='lat' dir='ltr'><strong>nec</strong></span> <span class='ocrx_word' id='word_1_189' title='bbox 932 2020 1052 2057; x_wconf 89' lang='lat' dir='ltr'><strong>non</strong></span> <span class='ocrx_word' id='word_1_190' title='bbox 1104 2020 1219 2076; x_wconf 88' lang='lat' dir='ltr'><strong>pro</strong></span> <span class='ocrx_word' id='word_1_191' title='bbox 1274 2004 1495 2074; x_wconf 75' lang='lat' dir='ltr'><strong>maiori</strong></span> <span class='ocrx_word' id='word_1_192' title='bbox 1550 1994 1797 2055; x_wconf 85' lang='lat' dir='ltr'><strong>absolu.</strong></span> 
     </span>
    </p>

    <p class='ocr_par' dir='ltr' id='par_1_7' title="bbox 189 2070 1793 2156">
     <span class='ocr_line' id='line_1_25' title="bbox 189 2070 1793 2156; baseline 0.001 -27"><span class='ocrx_word' id='word_1_193' title='bbox 189 2074 425 2147; x_wconf 87' lang='lat' dir='ltr'><strong>tionum,</strong></span> <span class='ocrx_word' id='word_1_194' title='bbox 474 2086 534 2135; x_wconf 90' lang='lat' dir='ltr'><strong>et</strong></span> <span class='ocrx_word' id='word_1_195' title='bbox 565 2075 1093 2156; x_wconf 62' lang='lat' dir='ltr'><strong>dispensationum</strong></span> <span class='ocrx_word' id='word_1_196' title='bbox 1135 2070 1571 2151; x_wconf 79' lang='lat' dir='ltr'><strong>praedictarum</strong></span> <span class='ocrx_word' id='word_1_197' title='bbox 1602 2072 1793 2133; x_wconf 83' lang='lat' dir='ltr'><strong>firmi-</strong></span> 
     </span>
    </p>

    <p class='ocr_par' dir='ltr' id='par_1_8' title="bbox 188 2151 1793 2229">
     <span class='ocr_line' id='line_1_26' title="bbox 188 2151 1793 2229; baseline 0.002 -22"><span class='ocrx_word' id='word_1_198' title='bbox 188 2158 320 2222; x_wconf 73' lang='lat' dir='ltr'><strong>tate,</strong></span> <span class='ocrx_word' id='word_1_199' title='bbox 363 2151 680 2229; x_wconf 84' lang='lat' dir='ltr'><strong>quibusvis</strong></span> <span class='ocrx_word' id='word_1_200' title='bbox 725 2153 1325 2218; x_wconf 77' lang='lat' dir='ltr'><strong>constitutionibus,</strong></span> <span class='ocrx_word' id='word_1_201' title='bbox 1370 2152 1793 2213; x_wconf 76' lang='lat' dir='ltr'><strong>ordinationi-</strong></span> 
     </span>
    </p>

    <p class='ocr_par' dir='ltr' id='par_1_9' title="bbox 187 2224 1792 2303">
     <span class='ocr_line' id='line_1_27' title="bbox 187 2224 1792 2303; baseline 0.002 -20"><span class='ocrx_word' id='word_1_202' title='bbox 187 2224 612 2294; x_wconf 88' lang='lat' dir='ltr'><strong>bus‚-Statutis</strong></span> <span class='ocrx_word' id='word_1_203' title='bbox 636 2274 652 2301; x_wconf 93' lang='lat'><strong>,</strong></span> <span class='ocrx_word' id='word_1_204' title='bbox 697 2239 760 2286; x_wconf 87' lang='lat' dir='ltr'><strong>et</strong></span> <span class='ocrx_word' id='word_1_205' title='bbox 801 2226 1134 2303; x_wconf 82' lang='lat' dir='ltr'><strong>Privilegiis</strong></span> <span class='ocrx_word' id='word_1_206' title='bbox 1179 2228 1645 2303; x_wconf 88' lang='lat' dir='ltr'><strong>quomodolibet</strong></span> <span class='ocrx_word' id='word_1_207' title='bbox 1686 2226 1792 2287; x_wconf 90' lang='lat' dir='ltr'><strong>ob·</strong></span> 
     </span>
    </p>

    <p class='ocr_par' dir='ltr' id='par_1_10' title="bbox 187 2304 1837 2458">
     <span class='ocr_line' id='line_1_28' title="bbox 187 2304 1837 2382; baseline 0.003 -24"><span class='ocrx_word' id='word_1_208' title='bbox 187 2306 458 2365; x_wconf 84' lang='lat' dir='ltr'><strong>stantibus</strong></span> <span class='ocrx_word' id='word_1_209' title='bbox 494 2304 866 2367; x_wconf 85' lang='lat' dir='ltr'><strong>sufficienter</strong></span> <span class='ocrx_word' id='word_1_210' title='bbox 909 2306 1235 2380; x_wconf 84' lang='lat' dir='ltr'><strong>derogare,</strong></span> <span class='ocrx_word' id='word_1_211' title='bbox 1280 2305 1567 2381; x_wconf 73' lang='lat' dir='ltr'><strong>praefatus</strong></span> <span class='ocrx_word' id='word_1_212' title='bbox 1602 2310 1797 2382; x_wconf 79' lang='lat' dir='ltr'><strong>Maior</strong></span> <span class='ocrx_word' id='word_1_213' title='bbox 1832 2364 1837 2371; x_wconf 77' lang='grc'><strong>,</strong></span> 
     </span>
     <span class='ocr_line' id='line_1_29' title="bbox 187 2379 1282 2458; baseline 0 -19"><span class='ocrx_word' id='word_1_214' title='bbox 187 2383 651 2443; x_wconf 85' lang='lat' dir='ltr'><strong>Poenitentiarius</strong></span> <span class='ocrx_word' id='word_1_215' title='bbox 687 2385 912 2458; x_wconf 78' lang='lat' dir='ltr'><strong>possit,</strong></span> <span class='ocrx_word' id='word_1_216' title='bbox 950 2393 1013 2441; x_wconf 86' lang='lat' dir='ltr'><strong>et</strong></span> <span class='ocrx_word' id='word_1_217' title='bbox 1056 2379 1282 2443; x_wconf 84' lang='lat' dir='ltr'><strong>valeat.</strong></span> 
     </span>
    </p>

    <p class='ocr_par' dir='ltr' id='par_1_11' title="bbox 189 2455 2099 2991">
     <span class='ocr_line' id='line_1_30' title="bbox 245 2455 2065 2536; baseline 0 -19"><span class='ocrx_word' id='word_1_218' title='bbox 245 2456 292 2535; x_wconf 72' lang='lat' dir='ltr'><strong>S.</strong></span> <span class='ocrx_word' id='word_1_219' title='bbox 319 2458 732 2533; x_wconf 65' lang='lat' dir='ltr'><strong>320Volumus</strong></span> <span class='ocrx_word' id='word_1_220' title='bbox 771 2471 1014 2525; x_wconf 85' lang='lat' dir='ltr'><strong>tamen,</strong></span> <span class='ocrx_word' id='word_1_221' title='bbox 1051 2468 1124 2517; x_wconf 89' lang='lat' dir='ltr'><strong>ut</strong></span> <span class='ocrx_word' id='word_1_222' title='bbox 1163 2460 1227 2517; x_wconf 91' lang='lat' dir='ltr'><strong>in</strong></span> <span class='ocrx_word' id='word_1_223' title='bbox 1271 2455 1622 2533; x_wconf 78' lang='lat' dir='ltr'><strong>hujusmodi</strong></span> <span class='ocrx_word' id='word_1_224' title='bbox 1647 2457 1795 2517; x_wconf 89' lang='lat' dir='ltr'><strong>casi·</strong></span> <span class='ocrx_word' id='word_1_225' title='bbox 1886 2460 2065 2536; x_wconf 57' lang='lat' dir='ltr'><strong>Effim</strong></span> 
     </span>
     <span class='ocr_line' id='line_1_31' title="bbox 189 2529 2099 2621; baseline 0.002 -30"><span class='ocrx_word' id='word_1_226' title='bbox 189 2529 310 2607; x_wconf 85' lang='lat' dir='ltr'><strong>bus,</strong></span> <span class='ocrx_word' id='word_1_227' title='bbox 360 2538 467 2615; x_wconf 85' lang='lat' dir='ltr'><strong>qui</strong></span> <span class='ocrx_word' id='word_1_228' title='bbox 517 2534 739 2595; x_wconf 89' lang='lat' dir='ltr'><strong>occulti</strong></span> <span class='ocrx_word' id='word_1_229' title='bbox 783 2535 1054 2606; x_wconf 87' lang='lat' dir='ltr'><strong>fuerint,</strong></span> <span class='ocrx_word' id='word_1_230' title='bbox 1105 2536 1168 2594; x_wconf 90' lang='lat' dir='ltr'><strong>in</strong></span> <span class='ocrx_word' id='word_1_231' title='bbox 1220 2533 1378 2593; x_wconf 82' lang='lat' dir='ltr'><strong>Foro</strong></span> <span class='ocrx_word' id='word_1_232' title='bbox 1415 2535 1877 2603; x_wconf 75' lang='lat' dir='ltr'><strong>conscientiaein</strong></span> <span class='ocrx_word' id='word_1_233' title='bbox 1928 2552 2099 2621; x_wconf 79' lang='lat' dir='ltr'><strong>publi.</strong></span> 
     </span>
     <span class='ocr_line' id='line_1_32' title="bbox 191 2606 1913 2689; baseline 0.003 -24"><span class='ocrx_word' id='word_1_234' title='bbox 191 2616 438 2687; x_wconf 85' lang='lat' dir='ltr'><strong>tantum,</strong></span> <span class='ocrx_word' id='word_1_235' title='bbox 499 2614 560 2673; x_wconf 88' lang='lat' dir='ltr'><strong>in</strong></span> <span class='ocrx_word' id='word_1_236' title='bbox 607 2606 872 2689; x_wconf 88' lang='lat' dir='ltr'><strong>publicis</strong></span> <span class='ocrx_word' id='word_1_237' title='bbox 922 2632 1072 2675; x_wconf 82' lang='lat' dir='ltr'><strong>vero</strong></span> <span class='ocrx_word' id='word_1_238' title='bbox 1120 2610 1383 2671; x_wconf 72' lang='lat' dir='ltr'><strong>casibus·</strong></span> <span class='ocrx_word' id='word_1_239' title='bbox 1409 2611 1473 2667; x_wconf 91' lang='lat' dir='ltr'><strong>in</strong></span> <span class='ocrx_word' id='word_1_240' title='bbox 1530 2620 1799 2686; x_wconf 88' lang='lat' dir='ltr'><strong>utroque</strong></span> <span class='ocrx_word' id='word_1_241' title='bbox 1819 2622 1913 2671; x_wconf 75' lang='lat' dir='ltr'><strong>cis.</strong></span> 
     </span>
     <span class='ocr_line' id='line_1_33' title="bbox 193 2688 1796 2765; baseline 0.003 -23"><span class='ocrx_word' id='word_1_242' title='bbox 193 2688 357 2763; x_wconf 87' lang='lat' dir='ltr'><strong>Foro,</strong></span> <span class='ocrx_word' id='word_1_243' title='bbox 401 2689 629 2750; x_wconf 86' lang='lat' dir='ltr'><strong>auditis</strong></span> <span class='ocrx_word' id='word_1_244' title='bbox 679 2700 886 2749; x_wconf 85' lang='lat' dir='ltr'><strong>tamen</strong></span> <span class='ocrx_word' id='word_1_245' title='bbox 943 2688 1407 2765; x_wconf 66' lang='lat' dir='ltr'><strong>Superioribus»,</strong></span> <span class='ocrx_word' id='word_1_246' title='bbox 1446 2697 1511 2745; x_wconf 88' lang='lat' dir='ltr'><strong>et</strong></span> <span class='ocrx_word' id='word_1_247' title='bbox 1552 2696 1796 2747; x_wconf 83' lang='lat' dir='ltr'><strong>matura</strong></span> 
     </span>
     <span class='ocr_line' id='line_1_34' title="bbox 191 2762 1801 2843; baseline 0.002 -25"><span class='ocrx_word' id='word_1_248' title='bbox 191 2762 699 2843; x_wconf 86' lang='lat' dir='ltr'><strong>circumspectione</strong></span> <span class='ocrx_word' id='word_1_249' title='bbox 759 2786 1000 2841; x_wconf 86' lang='lat' dir='ltr'><strong>semper</strong></span> <span class='ocrx_word' id='word_1_250' title='bbox 1036 2766 1350 2835; x_wconf 86' lang='lat' dir='ltr'><strong>adhibita,</strong></span> <span class='ocrx_word' id='word_1_251' title='bbox 1397 2784 1537 2823; x_wconf 81' lang='lat' dir='ltr'><strong>curn</strong></span> <span class='ocrx_word' id='word_1_252' title='bbox 1582 2762 1801 2823; x_wconf 84' lang='lat' dir='ltr'><strong>iisdem</strong></span> 
     </span>
     <span class='ocr_line' id='line_1_35' title="bbox 191 2838 1798 2922; baseline -0.001 -23"><span class='ocrx_word' id='word_1_253' title='bbox 191 2839 596 2917; x_wconf 79' lang='lat' dir='ltr'><strong>RegularibuS,</strong></span> <span class='ocrx_word' id='word_1_254' title='bbox 638 2852 710 2903; x_wconf 89' lang='lat' dir='ltr'><strong>ut</strong></span> <span class='ocrx_word' id='word_1_255' title='bbox 745 2844 1104 2919; x_wconf 67' lang='lat' dir='ltr'><strong>praefertur,</strong></span> <span class='ocrx_word' id='word_1_256' title='bbox 1149 2844 1456 2922; x_wconf 86' lang='lat' dir='ltr'><strong>dispenset</strong></span> <span class='ocrx_word' id='word_1_257' title='bbox 1482 2886 1499 2913; x_wconf 90' lang='lat'><strong>,</strong></span> <span class='ocrx_word' id='word_1_258' title='bbox 1536 2838 1636 2899; x_wconf 85' lang='lat' dir='ltr'><strong>vel</strong></span> <span class='ocrx_word' id='word_1_259' title='bbox 1679 2840 1798 2899; x_wconf 87' lang='lat' dir='ltr'><strong>dis-</strong></span> 
     </span>
     <span class='ocr_line' id='line_1_36' title="bbox 190 2920 722 2991; baseline 0.004 -14"><span class='ocrx_word' id='word_1_260' title='bbox 190 2924 396 2991; x_wconf 81' lang='lat' dir='ltr'><strong>pensari</strong></span> <span class='ocrx_word' id='word_1_261' title='bbox 444 2920 722 2980; x_wconf 87' lang='lat' dir='ltr'><strong>mandet.</strong></span> 
     </span>
    </p>

    <p class='ocr_par' dir='ltr' id='par_1_12' title="bbox 191 2992 2109 3537">
     <span class='ocr_line' id='line_1_37' title="bbox 251 2992 2073 3090; baseline -0.002 -34"><span class='ocrx_word' id='word_1_262' title='bbox 251 2992 297 3072; x_wconf 82' lang='lat'><strong>§-</strong></span> <span class='ocrx_word' id='word_1_263' title='bbox 324 2998 417 3056; x_wconf 82' lang='lat'><strong>33.</strong></span> <span class='ocrx_word' id='word_1_264' title='bbox 459 2998 677 3075; x_wconf 88' lang='lat' dir='ltr'><strong>Quoad</strong></span> <span class='ocrx_word' id='word_1_265' title='bbox 716 3002 760 3057; x_wconf 88' lang='lat' dir='ltr'>A</span> <span class='ocrx_word' id='word_1_266' title='bbox 813 3007 1042 3057; x_wconf 85' lang='lat' dir='ltr'><strong>ostatas</strong></span> <span class='ocrx_word' id='word_1_267' title='bbox 1069 3038 1086 3063; x_wconf 89' lang='lat'><strong>,</strong></span> <span class='ocrx_word' id='word_1_268' title='bbox 1132 2996 1233 3059; x_wconf 58' lang='lat' dir='ltr'><strong>vel</strong></span> <span class='ocrx_word' id='word_1_269' title='bbox 1284 2998 1573 3072; x_wconf 82' lang='lat' dir='ltr'><strong>fugitivos</strong></span> <span class='ocrx_word' id='word_1_270' title='bbox 1602 2998 1797 3070; x_wconf 85' lang='lat' dir='ltr'><strong>Regu·</strong></span> <span class='ocrx_word' id='word_1_271' title='bbox 1908 3024 2073 3090; x_wconf 79' lang='lat' dir='ltr'><strong>Super</strong></span> 
     </span>
     <span class='ocr_line' id='line_1_38' title="bbox 193 3064 2109 3157; baseline 0.003 -32"><span class='ocrx_word' id='word_1_272' title='bbox 193 3064 348 3147; x_wconf 86' lang='lat' dir='ltr'><strong>lares,</strong></span> <span class='ocrx_word' id='word_1_273' title='bbox 405 3074 484 3135; x_wconf 86' lang='lat' dir='ltr'><strong>ad</strong></span> <span class='ocrx_word' id='word_1_274' title='bbox 542 3079 775 3151; x_wconf 85' lang='lat' dir='ltr'><strong>Aposto</strong></span> <span class='ocrx_word' id='word_1_275' title='bbox 801 3076 955 3133; x_wconf 87' lang='lat' dir='ltr'><strong>icam</strong></span> <span class='ocrx_word' id='word_1_276' title='bbox 1014 3074 1537 3134; x_wconf 84' lang='lat' dir='ltr'><strong>Poenitentiariam</strong></span> <span class='ocrx_word' id='word_1_277' title='bbox 1594 3092 1801 3131; x_wconf 88' lang='lat' dir='ltr'><strong>recur-</strong></span> <span class='ocrx_word' id='word_1_278' title='bbox 1822 3090 2109 3157; x_wconf 67' lang='lat' dir='ltr'><strong>Aponi-tis,</strong></span> 
     </span>
     <span class='ocr_line' id='line_1_39' title="bbox 191 3150 2109 3228; baseline 0.001 -21"><span class='ocrx_word' id='word_1_279' title='bbox 191 3160 406 3215; x_wconf 80' lang='lat' dir='ltr'><strong>rentes,</strong></span> <span class='ocrx_word' id='word_1_280' title='bbox 450 3162 734 3211; x_wconf 83' lang='lat' dir='ltr'><strong>servetur</strong></span> <span class='ocrx_word' id='word_1_281' title='bbox 769 3150 1100 3210; x_wconf 88' lang='lat' dir='ltr'><strong>laudabilis</strong></span> <span class='ocrx_word' id='word_1_282' title='bbox 1145 3150 1414 3228; x_wconf 71' lang='lat' dir='ltr'><strong>ejusdem</strong></span> <span class='ocrx_word' id='word_1_283' title='bbox 1454 3150 1691 3226; x_wconf 72' lang='lat' dir='ltr'><strong>praxis,</strong></span> <span class='ocrx_word' id='word_1_284' title='bbox 1732 3158 1805 3207; x_wconf 92' lang='lat' dir='ltr'><strong>ut</strong></span> <span class='ocrx_word' id='word_1_285' title='bbox 1826 3157 2109 3226; x_wconf 75' lang='lat' dir='ltr'><strong>veliugiti·</strong></span> 
     </span>
     <span class='ocr_line' id='line_1_40' title="bbox 193 3224 1931 3301; baseline 0.003 -23"><span class='ocrx_word' id='word_1_286' title='bbox 193 3224 394 3288; x_wconf 81' lang='lat' dir='ltr'><strong>scilicet</strong></span> <span class='ocrx_word' id='word_1_287' title='bbox 433 3235 632 3289; x_wconf 83' lang='lat' dir='ltr'><strong>Ma&#39;or</strong></span> <span class='ocrx_word' id='word_1_288' title='bbox 671 3230 1200 3293; x_wconf 77' lang='lat' dir='ltr'><strong>poenitentiarius,</strong></span> <span class='ocrx_word' id='word_1_289' title='bbox 1246 3226 1458 3285; x_wconf 87' lang='lat' dir='ltr'><strong>audito</strong></span> <span class='ocrx_word' id='word_1_290' title='bbox 1499 3226 1709 3301; x_wconf 87' lang='lat' dir='ltr'><strong>prius,</strong></span> <span class='ocrx_word' id='word_1_291' title='bbox 1754 3226 1807 3285; x_wconf 86' lang='lat' dir='ltr'><strong>si</strong></span> <span class='ocrx_word' id='word_1_292' title='bbox 1828 3227 1931 3279; x_wconf 71' lang='lat' dir='ltr'><strong>vis·</strong></span> 
     </span>
     <span class='ocr_line' id='line_1_41' title="bbox 193 3299 1804 3380; baseline -0.001 -17"><span class='ocrx_word' id='word_1_293' title='bbox 193 3299 242 3359; x_wconf 81' lang='lat' dir='ltr'><strong>in</strong></span> <span class='ocrx_word' id='word_1_294' title='bbox 281 3304 440 3378; x_wconf 68' lang='lat' dir='ltr'><strong>Urbe</strong></span> <span class='ocrx_word' id='word_1_295' title='bbox 477 3327 534 3365; x_wconf 80' lang='lat' dir='ltr'><strong>a(</strong></span> <span class='ocrx_word' id='word_1_296' title='bbox 557 3308 670 3377; x_wconf 85' lang='lat' dir='ltr'><strong>sit,</strong></span> <span class='ocrx_word' id='word_1_297' title='bbox 713 3304 966 3365; x_wconf 86' lang='lat' dir='ltr'><strong>Ordinis</strong></span> <span class='ocrx_word' id='word_1_298' title='bbox 991 3305 1347 3380; x_wconf 85' lang='lat' dir='ltr'><strong>Superiore,</strong></span> <span class='ocrx_word' id='word_1_299' title='bbox 1376 3322 1482 3361; x_wconf 90' lang='lat' dir='ltr'><strong>seu</strong></span> <span class='ocrx_word' id='word_1_300' title='bbox 1514 3308 1804 3361; x_wconf 87' lang='lat' dir='ltr'><strong>Procura-</strong></span> 
     </span>
     <span class='ocr_line' id='line_1_42' title="bbox 192 3378 1805 3459; baseline 0.001 -24"><span class='ocrx_word' id='word_1_301' title='bbox 192 3386 307 3437; x_wconf 80' lang='lat' dir='ltr'><strong>tcre</strong></span> <span class='ocrx_word' id='word_1_302' title='bbox 343 3382 628 3442; x_wconf 85' lang='lat' dir='ltr'><strong>Generali</strong></span> <span class='ocrx_word' id='word_1_303' title='bbox 649 3428 665 3454; x_wconf 93' lang='lat'><strong>,</strong></span> <span class='ocrx_word' id='word_1_304' title='bbox 697 3384 981 3459; x_wconf 73' lang='lat' dir='ltr'><strong>injungat</strong></span> <span class='ocrx_word' id='word_1_305' title='bbox 1005 3386 1317 3457; x_wconf 82' lang='lat' dir='ltr'><strong>Apostatae</strong></span> <span class='ocrx_word' id='word_1_306' title='bbox 1338 3426 1354 3451; x_wconf 89' lang='lat'><em>‚</em></span> <span class='ocrx_word' id='word_1_307' title='bbox 1378 3400 1485 3438; x_wconf 85' lang='lat' dir='ltr'><strong>seu</strong></span> <span class='ocrx_word' id='word_1_308' title='bbox 1513 3378 1769 3454; x_wconf 84' lang='lat' dir='ltr'><strong>fugitivo</strong></span> <span class='ocrx_word' id='word_1_309' title='bbox 1788 3424 1805 3453; x_wconf 90' lang='lat'><strong>,</strong></span> 
     </span>
     <span class='ocr_line' id='line_1_43' title="bbox 193 3453 1803 3537; baseline 0.001 -22"><span class='ocrx_word' id='word_1_310' title='bbox 193 3453 336 3531; x_wconf 74' lang='lat' dir='ltr'><strong>iutra</strong></span> <span class='ocrx_word' id='word_1_311' title='bbox 375 3468 616 3537; x_wconf 84' lang='lat' dir='ltr'><strong>tempus</strong></span> <span class='ocrx_word' id='word_1_312' title='bbox 651 3458 924 3519; x_wconf 50' lang='lat' dir='ltr'><strong>»arbitrio</strong></span> <span class='ocrx_word' id='word_1_313' title='bbox 965 3459 1154 3537; x_wconf 88' lang='lat' dir='ltr'><strong>ipsius</strong></span> <span class='ocrx_word' id='word_1_314' title='bbox 1211 3458 1457 3537; x_wconf 72' lang='lat' dir='ltr'><strong>Maioris</strong></span> <span class='ocrx_word' id='word_1_315' title='bbox 1503 3457 1803 3517; x_wconf 76' lang='lat' dir='ltr'><strong>Paeniten-</strong></span> 
     </span>
    </p>
   </div>
   <div class='ocr_carea' id='block_1_5' title="bbox 1358 3531 1485 3596">
    <p class='ocr_par' dir='ltr' id='par_1_13' title="bbox 1358 3531 1485 3596">
     <span class='ocr_line' id='line_1_44' title="bbox 1358 3531 1485 3596; baseline -0.024 0"><span class='ocrx_word' id='word_1_316' title='bbox 1358 3531 1485 3596; x_wconf 61' lang='lat'><strong>143</strong></span> 
     </span>
    </p>
   </div>
  </div>
 </body>
</html>
