2434 3992
781 144 1229 217 BULLARIUM.
1275 162 1305 170 ”
1702 150 1815 217 181

274 252 324 333 S.
364 268 456 313 αι.
496 251 822 328 Invigilent
857 256 1044 313 etiam
1064 299 1079 326 ‚
1107 274 1224 330 pro
1257 255 1581 330 pastoralis
1604 272 1819 320 mune·
1878 274 1923 323 Δ
1950 291 1979 323 1«
2006 292 2033 324 ι
2056 288 2087 324 o

214 333 283 391 ris
325 327 715 405 implemento
742 374 759 402 ,
821 350 900 387 ne
947 330 1257 392 Fidelibus
1348 351 1691 409 uocumque
1755 337 1819 392 in
1916 338 2063 405 ¹744·

212 407 328 467 loeo
359 404 716 483 degentibus
739 406 1096 467 Sacerdotes
1125 408 1327 469 Catho
1351 410 1428 467 ici
1452 409 1651 475 desint
1670 455 1689 483 ‚
1716 412 1823 485 qui
1876 421 2003 473 Com
2014 440 2121 473 mu.

213 486 334 561 ipsis
354 483 417 541 in
447 481 751 541 Paschatis
777 480 1084 541 solemniis
1100 487 1558 545 sacrosanctam
1585 485 1820 545 Eucha·
1844 489 2017 541 aionis
2068 491 2123 539 in

213 560 418 619 ristiam
449 559 804 618 ministrare
825 560 1060 633 possint
1088 581 1105 618 ε
1138 570 1271 619 tum
1300 572 1372 620 ut
1398 563 1825 621 Lateranensis
1847 554 2097 609 P⁸⁸0h⁸t⁸

215 632 444 697 Concilii
467 654 586 710 pro
611 632 898 694 omnibus
939 635 1260 713 utriusque
1300 657 1473 698 sexus
1512 638 1825 697 Fidelibus
1845 623 2108 673 sumenda:

211 718 510 771 Decretum
576 710 943 771 observetur
983 733 1002 785 3
1059 721 1196 769 tum
1254 723 1327 773 ut
1381 714 1446 770 in
1507 718 1823 773 communi
1843 705 2075 805 ΞΟΨἘῈᾞ

212 790 373 849 totius
395 784 670 845 Ecclesiae
705 787 782 845 de
802 788 1271 847 Resurrectione
1300 790 1548 847 Domini
1574 788 1783 849 laetitia
1804 835 1823 864 ,
1844 772 1969 872 lfssm
2019 773 2033 805 ¹
2074 774 2124 863 εἰ

211 865 307 925 hoc
353 863 600 924 vivifico
652 861 882 939 pabulo
910 908 926 935 ,
1029 860 1154 922 uod
1189 862 1537 937 symbolum
1578 885 1825 943 quoque
1845 838 2099 954 &camp

211 942 436 1001 unitatis
453 950 547 999 est
557 984 580 1011 ,,
604 938 877 998 Ecclesiae
901 942 974 999 Fi
1013 942 1076 1001 ⁴ei
1098 938 1475 1001 roborentur
1491 986 1507 1013 ‚
1534 962 1605 1001 ac
1624 944 1822 1002 nutri-

210 1028 405 1077 antur.
451 1014 634 1089 Quod
668 1017 715 1075 si
750 1026 1006 1091 propter
1034 1016 1348 1091 locorum,
1379 1028 1442 1077 et
1475 1028 1825 1093 temporum
1897 1021 2122 1091 Dispen-

208 1093 606 1165 inselicitatem
646 1093 892 1153 eveniat
921 1130 940 1165 ,
985 1103 1058 1153 ut
1091 1093 1256 1151 infra
1293 1094 1445 1153 duas
1476 1094 1823 1155 Hebdoma-
1846 1094 1990 1139 mm

207 1170 334 1243 das,
369 1188 504 1245 quae
547 1188 582 1225 a
612 1170 927 1228 Dominica
955 1167 1305 1229 Palmarum
1330 1172 1410 1231 ad
1443 1172 1827 1230 Dominicam
1844 1154 2131 1221 q⁰⁰⁸dle¹¹¹

207 1249 260 1305 in
277 1244 443 1315 Albis
469 1246 928 1317 intercurrunt,
955 1242 1309 1305 nullatenus
1340 1248 1402 1306 id
1439 1247 1573 1305 fieri
1598 1238 1984 1324 possit3P⁰⁸st
2032 1240 2126 1289 ¹³¹⁰

206 1335 334 1383 tunc
351 1366 367 1395 ,
389 1332 463 1381 ut
504 1321 702 1393 eidem
727 1330 1062 1397 praecepto,
1100 1320 1202 1383 vel
1226 1324 1289 1381 in
1316 1322 1789 1399 Quadragesima
1807 1368 1825 1397 ,
1848 1288 2125 1407 ‘'22:3ss2‘ae

206 1397 288 1460 vel
317 1400 378 1459 in
400 1394 716 1457 solemniis
743 1403 1154 1471 Pentecostes„
1183 1400 1547 1475 praeviisque
1574 1400 1823 1471 diebus,
1850 1421 1940 1473 tia.

203 1482 352 1552 juxta
392 1476 634 1551 proprii
693 1471 1036 1533 Sacerdotis
1085 1473 1407 1533 consilium
1432 1520 1450 1549 ‚
1508 1496 1543 1535 a
1584 1474 1827 1553 Populis

205 1554 440 1611 istarum
481 1550 704 1611 Serviae
750 1551 1072 1623 regionum
1110 1550 1395 1609 satisfieri
1430 1549 1669 1625 valeat,
1716 1552 1823 1611 ha-

203 1649 321 1689 rum
368 1628 744 1687 Litterarum
787 1636 1006 1686 tenore
1053 1627 1471 1701 concedimus,
1522 1638 1583 1686 et
1622 1624 1821 1687 indul-

234 1724 414 1765 emus.
737 1720 756 1738 ‘
2120 1748 2125 1756 .

203 1726 232 1781 g
263 1780 312 1859 §-
362 1799 464 1839 22.
489 1802 495 1807 ·
525 1777 821 1843 Dolenter
871 1789 1051 1847 veros
1071 1776 1252 1840 nimis
1288 1778 1674 1856 accepimus»,
1728 1778 1825 1841 vel
1924 1787 2125 1837 Eucha-

204 1855 336 1919 adeo
367 1856 675 1929 desertas,
718 1867 782 1915 et
823 1858 1119 1916 ruinosas·
1143 1875 1272 1915 esse
1324 1858 1583 1915 istarum
1611 1859 1823 1931 Regio·
1850 1851 1995 1931 ¹3⁵5}
2038 1854 2127 1929 11}-⁴

203 1952 331 1996 num
375 1932 706 2005 Ecclesiam,
747 1930 846 1993 vel
886 1932 1038 1991 adeo
1071 1931 1435 1993 insolescere
1474 1930 1829 1993 Infidelium
1851 1918 2125 1998 flfm’m'·

203 2009 456 2082 furorem
489 2054 506 2083 ,
546 2020 618 2071 ut
663 2009 1050 2070 Sanctissima
1075 2008 1459 2069 Eucharistia
1487 2030 1689 2086 neque
1721 2010 1823 2070 de·
1850 1992 2120 2040 ''mmm'‘

202 2097 424 2160 center,
450 2106 655 2162 neque
679 2094 818 2145 tuto
837 2130 858 2157 ,
884 2095 956 2145 ut
975 2104 1089 2161 par
1119 2096 1210 2145 est
1230 2130 1246 2159 ,
1274 2086 1573 2146 asservari
1595 2089 1825 2163 possit3

201 2162 346 2222 unde
387 2165 636 2223 eveniat
659 2206 676 2233 ,
702 2171 776 2219 ut
815 2160 1091 2237 plerique
1123 2161 1357 2221 Fideles
1388 2163 1655 2234 Infirmi,
1688 2162 1825 2223 abs-

201 2259 302 2314 que
342 2237 601 2301 salutari
649 2238 918 2301 viatico,
968 2248 1206 2297 naturae
1240 2236 1518 2297 debitum
1556 2238 1823 2299 solvant.

198 2319 372 2375 Porro
401 2314 757 2391 gravissimo
785 2312 932 2373 huic
967 2310 1173 2383 malo,
1252 2324 1511 2391 uantum
1550 2308 1683 2373 fieri
1716 2336 1829 2391 poe

200 2401 302 2451 test
328 2437 345 2464 ‚
389 2392 666 2462 occurri,
705 2400 767 2447 et
800 2388 1112 2464 provideri
1151 2386 1229 2445 de
1277 2398 1359 2447 et.
1413 2389 1829 2463 Quamobrem

199 2468 600 2529 Infirmorum·
613 2466 836 2526 notitia
851 2484 964 2541 per
982 2462 1285 2537 Pal-ochos
1304 2464 1482 2523 anxia
1509 2463 1829 2541 diligentia

199 2555 279 2603 est
317 2542 718 2621 inquirenda,
763 2561 889 2604 non
935 2550 1180 2600 tantum
1222 2560 1342 2615 pro·
1376 2539 1591 2599 iisdem
1631 2544 1825 2601 Poeni-
1878 2554 1885 2561 '

198 2622 389 2680 tentiae
429 2624 824 2695 Sacramento
855 2614 1263 2693 expurgandis
1288 2660 1301 2683 ,
1343 2614 1829 2693 christianisque

197 2698 434 2762 monitis
453 2742 472 2768 ,
486 2714 586 2770 ac·
606 2693 1030 2771 spiritualibus
1053 2690 1587 2764 consolationibus,
1609 2698 1829 2770 iuvan-

196 2773 314 2845 dis,
357 2794 428 2837 ae
471 2770 866 2843 sublevandis
882 2793 912 2847 3·
939 2790 1156 2848 verum
1192 2770 1379 2829 etiam
1404 2814 1423 2843 ,
1464 2779 1539 2839 ut
1569 2770 1827 2827 Sanctis-

195 2850 341 2909 simo
367 2848 603 2910 Christi
623 2852 899 2923 Corpore
915 2848 1305 2921 reficiantur,
1327 2856 1513 2921 atque
1526 2844 1608 2904 ad
1634 2856 1827 2903 extre·
1882 2888 1889 2893 -

193 2945 376 2985 mum.
409 2944 668 3001 agonem
723 2923 1114 2984 subeundum
1165 2924 1549 2998 muniantur.
1612 2925 1830 2995 Itaque
1918 2921 2083 2973 Minu

195 3000 293 3061 ubi
315 3000 505 3061 alicui
532 3022 604 3060 ex
629 2998 942 3060 Fidelibus
966 3000 1182 3059 mortis
1217 2998 1561 3075 periculum
1597 3000 1830 3057 instare
1850 2994 1994 3066 ⁶²²¹?
2030 2990 2125 3040 Ec-

196 3080 592 3155 perspieiant,
623 3076 982 3153 praedictum
1009 3079 1471 3138 Sacramentum
1507 3072 1828 3133 Eucharis-
1850 3055 2032 3106 ‘'¹⁶⁸¹“

197 3155 286 3213 tiae
327 3154 786 3231 quamprimum
819 3153 932 3229 ipsi
967 3152 1359 3225 ministrent,
1391 3162 1453 3211 et
1492 3152 1542 3209 si
1578 3148 1827 3226 quidem
1850 3122 2123 3239 limaci-‘le-

197 3232 318 3289 sine
348 3225 631 3307 periculo
663 3231 898 3305 possint
925 3274 942 3303 ,
983 3228 1063 3287 ab
1105 3226 1371 3303 Ecclesia
1399 3238 1713 3303 sumptum
1734 3272 1751 3299 ,
1778 3228 1828 3287 si
1851 3205 2041 3321 atqu,
2060 3225 2128 3305 'ex

198 3303 392 3382 aliqua
429 3306 517 3366 ibi
567 3307 874 3379 extiterit,
923 3305 1001 3364 ad
1043 3304 1284 3364 Infirmi
1311 3302 1565 3365 domum
1590 3300 1829 3379 deferre
1854 3330 2013 3373 trem.
2042 3337 2130 3371 ne-

199 3380 452 3462 debent,
481 3402 626 3445 cum
657 3392 826 3445 extra
847 3401 1156 3445 summum
1187 3382 1561 3447 necessitatis
1589 3401 1793 3443 casum
1810 3422 1828 3457 ‚
1852 3388 2106 3443 cessitate.
