2434 3992
725 132 1169 199 Bonmmmu.
1567 188 1570 193 .
1647 160 1668 199 1
1691 156 1788 223 ις)-

149 262 245 319 per
278 240 507 301 Urbem
542 237 863 316 incedere3
900 260 1041 299 eum
1077 240 1195 301 hoc
1220 251 1462 316 gestare.
1489 243 1670 303 unice
1695 263 1766 303 ex
1820 254 1866 305 A
1889 272 1920 305 κ
1947 272 1976 303 κ
1999 273 2030 303 ο

149 324 520 377 Somniorum
559 318 923 377 Pontificum
962 318 1386 377 munificentia
1409 364 1428 389 ,
1463 339 1590 379 una
1621 340 1766 381 cum
1851 320 1996 389 ¹743·

150 393 431 455 lemniscis
476 394 668 467 nigris
712 393 789 453 ad
837 398 1041 468 Equos
1088 414 1201 470 pro
1248 396 1325 453 rii
1371 399 1608 455 Currus
1657 416 1760 472 ap·

149 474 347 548 pensis,
372 472 823 547 praecipuorum
840 490 1093 529 suorum
1120 475 1173 530 O
1245 473 1478 531 ciorum
1500 474 1780 544 ratione,.

148 570 219 613 ac.
246 549 630 629 praestantia,
670 549 1026 622 permissum
1075 549 1155 606 sit
1184 547 1378 607 Almae
1416 548 1600 608 Urbis
1631 552 1758 607 Gu-

152 625 441 684 bernatori
494 625 1016 684 Viae-Camerario
1036 668 1052 694 ,
1105 623 1510 687 Generalibus
1565 630 1756 686 Reve-

152 702 331 761 rendae
372 707 649 761 Camerae
688 699 1052 776 'Apostolicae
1112 701 1440 772 Auditori,
1497 720 1568 759 ae
1605 702 1756 761 The-

153 780 430 849 sam-ario,
476 798 715 837 necnon
768 778 1093 851 utriusque
1128 779 1294 837 Sacri
1332 776 1544 837 Palatii
1593 782 1754 853 Apo-

154 852 325 915 stolici
356 854 674 928 Praefecto,
702 863 887 931 atque
918 856 1167 929 insuper
1186 900 1202 924 ,
1241 854 1322 912 ob
1351 854 1620 915 distincti
1651 854 1758 913 ha-

155 930 291 990 bitus
314 932 717 992 accessionem
738 976 755 1002 ‚
780 936 1083 999 Mozzettae
1105 928 1335 989 scilicet
1357 952 1392 989 a
1415 952 1550 990 san.
1574 950 1756 990 mem.

156 1008 455 1067 Benedicto
490 1013 661 1067 XIII.
701 1018 968 1083 quatuor
1009 1006 1408 1080 Pati-iambis,
1457 1012 1757 1067 Constan-

158 1084 536 1161 tinopolitano
579 1083 892 1157 videlieet,
936 1082 1388 1155 AlexandrinO,
1425 1083 1758 1143 Antioche-

159 1180 252 1231 no,
291 1172 353 1221 et
384 1160 935 1235 Hierosolymitano
960 1180 1254 1219 concessae
1275 1206 1292 1233 ,
1325 1161 1478 1221 dum
1515 1158 1764 1221 ManteL

158 1232 308 1310 lette,
341 1258 411 1297 ae
452 1237 709 1313 praefata
748 1243 1041 1303 Mozzetta
1082 1241 1286 1297 ornati
1325 1238 1758 1314 processerint.

158 1312 362 1373 Praelati
392 1325 599 1373 autem
622 1359 638 1386 ,
668 1315 774 1391 qui
808 1314 1097 1373 Roccheti
1117 1316 1518 1390 praerogativa
1541 1312 1758 1373 fruun-

160 1398 270 1461 tur,
299 1402 447 1449 tunc
464 1400 709 1449 tantum
730 1401 976 1451 sument
998 1388 1149 1454 illud
1177 1412 1290 1466 per
1325 1388 1526 1450 Scalas
1541 1389 1762 1449 Palatii

159 1467 419 1527 Pontificii
438 1512 455 1540 ,
470 1465 887 1541 Apostolicam
902 1472 947 1525 A
961 1465 1125 1531 ulam
1141 1514 1152 1535 ‚
1173 1467 1272 1529 vel
1289 1470 1353 1527 in
1373 1466 1760 1527 antecedenti

159 1541 459 1616 Cubicula,
502 1542 656 1601 illud
690 1546 1249 1618 Congregationum
1272 1588 1288 1615 ‚
1317 1555 1428 1607 aut
1459 1542 1756 1619 Collegia·

158 1614 279 1677 lium
302 1622 611 1679 actionum
631 1664 647 1694 ,
672 1640 805 1697 quae
835 1620 903 1678 in
934 1619 1146 1681 eodem
1180 1618 1412 1679 Palatio
1441 1640 1582 1679 cum
1605 1624 1758 1679 Roc·

160 1692 309 1755 cheto
322 1696 473 1755 fient
488 1742 506 1769 ,
535 1698 867 1772 ingressuri
885 1716 903 1770 3
918 1694 1175 1755 'necnon
1194 1696 1442 1771 quando
1455 1697 1722 1770 primum
1739 1742 1756 1769 ,

160 1770 209 1829 in
248 1774 662 1847 promotione,
706 1777 891 1831 Sacro
928 1772 1179 1832 Senatui
1221 1772 1298 1830 de
1341 1790 1502 1831 novo
1532 1772 1758 1831 adscri-

160 1856 298 1920 ptos,
322 1860 383 1909 et
406 1853 631 1909 iterum
658 1848 1091 1909 cardinalatus
1112 1850 1382 1925 insigniis
1403 1848 1724 1908 decoratos
1741 1896 1760 1922 ‚

161 1942 237 1981 eos
268 1927 323 1984 in
364 1928 487 1985 suis
512 1926 799 1985 domibus
832 1924 1177 1987 visitabunt
1206 1948 1224 1987 τ
1259 1926 1512 2001 Quoties
1547 1944 1758 2001 quem-

162 2017 387 2079 cumque
410 2024 483 2063 ex
500 2004 777 2061 Dominis
802 2000 1235 2063 cardinalibus
1249 2003 1451 2080 primo
1469 2004 1760 2077 invisent,

163 2072 239 2135 vel
268 2078 573 2139 cardinali
626 2078 907 2138 similiter
942 2079 1254 2139 Roccheto
1297 2078 1522 2139 induto
1559 2080 1624 2138 in
1665 2100 1760 2141 co-

164 2154 377 2217 mitatus
401 2155 711 2233 obsequiis
744 2166 931 2215 erunt
950 2200 965 2229 ‚
988 2158 1119 2215 sive
1146 2156 1318 2215 domi
1337 2154 1600 2229 fuerint,
1627 2157 1758 2217 sive

166 2239 343 2307 θῆτες
406 2231 865 2294 conveniendo.
892 2234 1143 2308 insuper
1196 2252 1340 2291 cum
1385 2232 1758 2293 Oratoribus

164 2306 515 2385 Principum,
570 2310 677 2387 qui
724 2306 885 2367 Aula
924 2309 1191 2384 gaudent
1227 2309 1408 2383 Regia
1434 2352 1452 2379 ,
1503 2307 1757 2384 publica

167 2380 385 2445 solemni
422 2406 653 2462 pompa
682 2382 1187 2462 procedentibus.
1223 2394 1288 2443 et
1332 2386 1392 2443 iu
1425 2394 1566 2443 actu
1603 2386 1760 2460 pari·

166 2466 241 2517 ter
278 2460 591 2525 dumtaxat
654 2466 1091 2539 cujuscumque
1141 2458 1411 2531 alterius·
1445 2458 1706 2535 publicae
1739 2508 1757 2534 ‚

165 2532 243 2593 vel
268 2540 513 2615 private
539 2540 797 2598 actionis
816 2582 833 2609 ,
869 2539 931 2597 in
974 2556 1098 2612 qua
1138 2534 1432 2608 Boccheti
1467 2556 1644 2610 usus,
1669 2538 1756 2596 di·

166 2613 373 2683 gnitatis
395 2657 417 2684 ‚
477 2613 593 2677 vel.
616 2615 887 2675 muneris
940 2615 1189 2673 ratione
1209 2658 1227 2687 ‚
1275 2613 1361 2671 eis
1414 2623 1760 2691 competere

166 2699 351 2761 potest.

220 2761 270 2839 §-
306 2767 360 2825 3.
400 2768 522 2829 Cui
559 2787 707 2827 sane
740 2771 999 2837 Decreto
1024 2810 1043 2841 ,
1084 2785 1226 2825 cum
1255 2808 1272 2837 ,
1316 2765 1476 2830 sicut
1515 2784 1758 2841 aceepep
1838 2763 2062 2814 Audito.

166 2852 339 2907 tamus
358 2888 377 2917 ,
408 2842 685 2912 debitam
712 2841 1133 2912 ‚obedientiam
1180 2842 1614 2918 praestitissent
1648 2841 1762 2917 ipsi
1785 2846 1864 2880 ’θ’
1915 2831 2030 2909 5,*30·

166 2915 1760 3059 ψΐςεεξῗῑῖςὲὶξῑὲεῑὶιᾼΡῖξῖὲῑῗίῄῖᾱὲῑῑῑῑῑῖ

166 3006 393 3153 ΕΜ
415 3116 430 3141 ,
476 3092 549 3137 ao
584 3082 897 3135 tenorem,
934 3016 1260 3144 exenitites,
1291 3082 1355 3130 et
1393 3072 1473 3129 ad
1512 3070 1757 3131 Pontifi—
1783 3037 1986 3098 Puent'

168 3157 303 3205 cmm
346 3146 647 3207 Palatium
667 3190 682 3217 ,
710 3146 811 3209 vel
838 3148 1217 3208 audientiam
1251 3157 1522 3205 nostram
1551 3158 1758 3224 postu·

168 3211 359 3297 laturi,
380 3224 476 3285 vel
502 3227 697 3285 Sacris
714 3226 775 3285 in
798 3224 1113 3283 Pontificia
1132 3227 1220 3285 Ca
1300 3220 1382 3281 lla
1405 3226 1764 3301 peragendis

168 3291 558 3361 functionibus
577 3301 969 3372 interfuturi,
990 3296 1087 3361 vel
1106 3305 1201 3359 Au
1250 3299 1415 3357 itorii
1431 3302 1524 3359 sui
1551 3304 1776 3361 munia-

170 3366 400 3451 obituri,
427 3377 781 3439 aecedentes
798 3376 1045 3457 ,eodem
1075 3376 1386 3437 Boccheto
1401 3396 1462 3437 se
1480 3423 1496 3453 ,
1532 3374 1628 3439 vel
1653 3399 1762 3475 per
