2434 3992
747 160 1195 224 &nanuum
1659 160 1788 247 459

162 268 541 325 clesiasticam
555 266 954 343 Disciplinam
975 312 992 340 ,
1017 278 1086 322 et·
1105 258 1469 324 Christianos
1499 286 1685 324 mores
1703 270 1789 326 ita
1844 280 1889 329 Α
1919 296 1951 328 1«
1972 297 1999 328 ις
2022 298 2052 328 0

159 348 219 400 in
249 343 523 401 Ecclesia
557 341 670 399 sibi
700 345 1012 399 commissa
1052 344 1299 400 restituit
1316 390 1331 418 ,
1370 356 1439 417 ut
1478 342 1635 400 alius
1664 364 1787 402 om·
1882 345 2031 415 ¹744·

161 424 294 479 nino
322 419 582 496 populus
602 462 619 493 ‚
650 420 804 477 alius
839 420 1042 477 Glerus
1081 418 1385 478 videretur
1399 466 1421 495 ς
1449 431 1506 476 et
1540 432 1713 480 esset.

119 578 130 589 .
203 539 516 609 ‚LECTIO
547 541 629 601 V·
667 537 898 596 Civium
930 558 1171 595 suorum
1207 536 1299 594 ad
1330 539 1671 595 Martinam
1707 541 1789 601 γ’.

166 614 372 688 Orator
412 608 626 675 iterum
663 634 736 670 ac
774 614 936 669 tertio
954 611 1255 691 profectus
1278 660 1300 688 ‚
1334 625 1564 671 tantam
1608 614 1683 671 ab
1724 637 1791 673 eo

163 688 488 765 Pontifice„
511 692 620 767 qui
647 690 893 748 eximias
927 690 1086 747 illius
1117 690 1364 747 virtutes
1381 704 1789 767 perspexerat,

163 768 291 835 iniit
333 768 591 843 gratiam
609 812 626 843 ‚
665 778 738 823 ut
776 765 1166 837 concilianda,³
1200 767 1375 843 pacis
1421 787 1608 823 causa
1645 769 1798 823 inter

161 843 262 911 An
308 844 531 899 elorum
546 889 566 916 ‚
611 842 1088 921 Francorumque
1131 842 1329 921 Reges
1352 842 1371 903 ’.
1391 842 1697 920 Legatum
1731 846 1797 899 in

167 864 397 989 Gaielias,
422 921 640 975 miserit
661 943 679 975 .·
705 918 806 977 Ab
825 940 898 978 ea
913 921 1237 999 Legatione
1256 916 1527 975 reducem
1543 920 1793 987 S.R.E.
1840 928 1847 933 ’

168 996 542 1069 Cardinalem'
573 994 680 1053 sub
723 996 891 1063 titulo
933 998 1001 1055 S.
1040 996 1241 1055 Crucis
1288 996 1354 1051 in
1407 996 1797 1053 Hierusalem

163 1074 376 1147 creavit
389 1095 419 1145 5
459 1073 828 1150 Legavitque
860 1093 996 1130 mox
1031 1074 1098 1129 in
1135 1070 1474 1130 Insubriam
1494 1116 1513 1147 ,
1559 1083 1624 1127 ut
1656 1068 1791 1129 Me-

165 1148 531 1207 diolanenses
551 1194 571 1217 ‚
612 1148 980 1205 Florentinos
1009 1194 1034 1220 ‚
1073 1160 1132 1205 et
1193 1148 1446 1207 Venetos
1506 1144 1801 1206 discordia

163 1224 490 1282 laborantes
530 1234 922 1301 componeret.
951 1228 1108 1281 Post
1125 1244 1340 1299 pacem
1381 1221 1581 1281 Italiae
1618 1222 1693 1281 ab
1733 1245 1799 1281 eo

144 1300 410 1378 feliciter
429 1303 756 1359 restitutam
775 1347 796 1373 ,
817 1296 1082 1361 secunda
1106 1301 1172 1355 in
1211 1300 1447 1359 Gallias
1476 1300 1565 1357 Le
1604 1302 1799 1357 atione

161 1389 373 1435 auctus
410 1390 529 1447 est,
576 1399 650 1435 ac
691 1379 825 1435 vita
841 1376 1064 1454 functo
1097 1378 1370 1435 Martino
1424 1376 1508 1435 V.
1602 1378 1805 1455 ugenii

160 1455 285 1513 IV.
313 1458 494 1527 jussu
515 1455 578 1507 in
613 1454 891 1530 Belgium
910 1452 1211 1531 profectus
1230 1496 1245 1523 ,
1272 1452 1627 1529 Philippum
1650 1455 1805 1511 Bur·
1905 1470 1912 1476 '

153 1530 408 1607 gundiae
448 1531 686 1587 Ducem
727 1530 930 1585 Carolo
954 1530 1116 1591 VII..
1143 1528 1510 1589 Francorum
1548 1530 1711 1609 Regi
1740 1533 1805 1587 in

161 1602 657 1664 Atrebatensibus
679 1602 939 1659 Comi‘tiis
959 1604 1309 1664 conciliavit.
1328 1606 1443 1664 Ad
1466 1606 1813 1665 Germanioe

161 1701 398 1761 quoque
429 1678 742 1754 Principes
758 1680 822 1733 in
843 1678 1318 1755 Norimberg'ensi
1343 1692 1628 1739 conventu
1648 1685 1809 1739 Pon-

159 1758 420 1833 tificium
479 1756 776 1843 Legatum
809 1754 956 1832 egit,
1013 1752 1226 1809 deinde
1272 1756 1609 1812 Basileensi
1624 1798 1641 1826 ‚
1682 1768 1811 1813 tum
1858 1761 1860 1764 ’

158 1832 534 1902 Ferrariensi
568 1828 830 1909 interfuit
859 1830 1113 1886 Concilio
1133 1877 1148 1904 ‚
1173 1829 1278 1887 ubi
1311 1830 1380 1889 A
1418 1830 1673 1887 ostolicoe
1707 1832 1809 1888 Se.

162 1909 262 1965 dis
321 1906 673 1985 degnitatem
691 1948 708 1975 ‚
763 1910 1247 1985 majestatemque
1312 1928 1353 1964 a
1398 1926 1595 1967 versus
1659 1906 1813 1965 sclzi.

165 1986 447 2042 smaticos
489 1984 712 2060 egregie
753 1993 978 2041 tutatus
1016 1994 1123 2041 est.
1215 2030 1221 2035 .
1772 1986 1781 1995 “

239 2102 534 2162 LEGTIO
569 2102 684 2163 VI.
724 2100 804 2155 In
829 2097 1115 2155 obeundis
1159 2113 1287 2157 tam
1320 2104 1509 2158 variis
1532 2143 1549 2174 ,
1582 2106 1810 2180 gravis-

167 2180 450 2256 simisque
478 2174 900 2254 Legationibus
929 2175 1325 2233 incredibilem
1356 2177 1467 2234 sibi
1500 2179 1670 2253 apud
1686 2183 1809 2237 Re-

162 2274 272 2332 ges
289 2301 308 2328 ‚
339 2265 408 2311 et
433 2254 750 2332 Principes
784 2252 1226 2309 venerationem
1256 2252 1506 2331 adeptus
1525 2296 1543 2325 ,
1587 2257 1651 2311 in
1690 2258 1813 2315 vir·
1886 2268 1899 2275 ’

170 2342 369 2389 tutwn
429 2348 674 2387 suarum
725 2328 1181 2386 admirationem
1246 2330 1439 2404 rapuit
1493 2332 1811 2391 universos.

175 2409 338 2466 Erat
358 2408 518 2463 enim
545 2407 653 2463 vel
671 2407 740 2461 in
767 2406 1016 2465 summis
1039 2403 1353 2461 honoribus
1381 2405 1817 2481 simplicissima

178 2482 493 2541 humilitas
511 2530 530 2557 ‚
566 2484 810 2539 animus
854 2498 974 2538 non
1003 2482 1205 2541 ..s-otum
1292 2500 1453 2537 rmus
1474 2522 1490 2552 ,
1529 2492 1589 2537 et
1631 2486 1816 2541 excel-

172 2582 277 2617 sus
299 2602 320 2633 ‚
365 2560 476 2616 secl
500 2558 796 2616 candidus
833 2561 1051 2632 etiam,
1082 2579 1132 2636 p
1280 2578 1391 2628 ns,
1439 2576 1513 2613 ac
1552 2559 1816 2617 modera-

173 2648 270 2694 tus
294 2683 313 2711 ,
345 2635 540 2716 effic-sa
577 2638 644 2692 in
679 2652 888 2693 omnes
915 2634 1214 2706 charitas,
1252 2634 1645 2691 mansuetudo
1670 2682 1687 2710 ‚
1720 2646 1818 2693 at-

173 2733 289 2791 que
331 2712 682 2769 humanitas
699 2753 716 2783 ,
752 2728 890 2769 cum
909 2711 1143 2768 ardenti
1171 2711 1506 2789 Religionis
1531 2712 1650 2767 zelo
1681 2732 1820 2769 con-

158 2792 404 2864 juncta.
455 2788 865 2859 Caralim-iani,
901 2787 1064 2866 quod
1084 2786 1389 2865 professus
1424 2786 1641 2865 fuerat
1656 2830 1673 2861 ,
1716 2790 1817 2845 In.

176 2867 372 2922 stituti
409 2876 617 2938 tenax,
653 2868 779 2938 ejus
827 2866 1170 2941 asperitates
1214 2862 1307 2921 ad
1342 2874 1583 2921 mortem
1634 2885 1821 2945 usque

175 2944 438 3001 retinuit.
454 2942 780 2999 Familiam
799 2942 1122 3019 ingenuam
1137 2940 1294 2997 aluit
1304 2984 1323 3013 ‚
1339 2942 1705 2999 sanctissime
1747 2964 1821 2999 ue

177 3020 516 3076 institutam
536 3060 554 3089 ,
585 3036 672 3076 'ex
712 3026 841 3097 qua*
875 3018 994 3075 duo
1038 3019 1307 3075 Romani
1343 3017 1667 3093 Pontifices
1705 2965 1821 3077 {Vi-

177 3095 384 3153 colaus
403 3096 500 3154 .-·V.
535 3106 596 3151 et
617 3096 776 3153 Pius
807 3094 896 3151 II.
913 3093 1206 3171 prodiere.
1239 3094 1505 3153 Tandem
1531 3114 1667 3151 cum
1699 3098 1833 3155 Eue

173 3173 424 3249 genium
464 3173 510 3229 I
508 3174 584 3231 V.
623 3170 858 3229 honoris
901 3190 1033 3249 ergo
1077 3172 1452 3227 comitaretur
1476 3214 1491 3243 ,
1542 3172 1713 3228 Senis
1760 3173 1826 3228 in

181 3250 472 3306 Hetrurizz
507 3265 714 3305 renum
759 3248 986 3305 calculo
1034 3262 1339 3323 oppressus
1374 3295 1389 3321 ,
1448 3260 1651 3305 sancto
1687 3246 1824 3323 fine

183 3326 430 3402 quievit.
467 3324 623 3398 EJus
673 3344 879 3402 corpus
911 3324 1274 3382 Florentiam
1318 3322 1581 3381 delatum
1606 3370 1625 3398 ,
1662 3327 1834 3401 apud
1910 3320 1919 3336 ⁸

190 3400 616 3461 carthusianos
642 3400 954 3479 honorifice
980 3398 1285 3459 conditum
1306 3412 1410 3458 est.
1449 3403 1790 3461 Sanctitatis
1802 3446 1823 3477 ,
