2434 3992
742 204 1190 271 BunnAmum.
1661 200 1783 274 415

163 310 290 375 ΧΠ.
343 310 782 375 Praedecessore
817 318 1040 374 Nostro
1067 315 1130 373 in
1160 314 1503 373 enunciatis
1532 317 1783 387 Literis,
1844 324 1887 375 Α
1912 340 1942 373 ιι
1969 334 1999 374 s
2022 336 2053 373 ο

163 387 586 466 incipientibus
625 387 966 449 concredita
1019 388 1208 446 Nobis
1248 392 1655 465 constitutas,
1706 391 1787 451 ad
1881 389 2027 459 1744·

160 464 312 527 solos
335 464 676 525 ‘dumtaxat
709 466 1020 540 pertinere
1048 464 1410 541 Apostolicoe
1446 464 1593 542 legis
1630 486 1785 543 prm·

161 552 598 617 ceptorumque
645 540 980 601 violatores
1011 574 1028 613 ⁵
1071 540 1437 615 easdemque
1468 544 1531 601 in
1566 542 1787 621 hujus·

159 616 320 677 modi
361 625 606 677 tantum
643 616 1068 688 refractarios,
1101 634 1367 693 quorum
1407 619 1641 677 animos
1677 639 1783 679 ne·

159 712 272 770 que
313 692 742 755 Ecclesiasticoe
777 693 1267 752 mansuetudinis
1316 690 1548 765 officia,
1586 713 1789 770 neque

193 778 425 829 aterna}
459 766 896 827 admonitionis
929 766 1198 827 charitas
1232 770 1477 827 vincere
1504 813 1521 841 ,
1561 780 1669 829 aut
1695 772 1785 829 in·
1877 768 1883 773 ’

195 855 398 905 ectere
445 832 574 903 ullo
595 841 777 903 modo
807 852 1086 919 possent,
1119 844 1511 920 justissimam
1539 862 1791 919 posnam

157 940 280 981 esse
320 930 385 979 et
419 918 550 979 fore
588 928 976 995 reputantes;
1020 938 1144 977 non
1188 917 1387 978 solum
1426 920 1790 997 inopportu-

155 1016 303 1057 num
354 996 698 1055 censuimus
724 1038 740 1067 ‚
792 993 1235 1071 Jusjurandum
1274 992 1479 1071 aliqua
1515 997 1586 1057 in
1612 1006 1795 1072 parte

159 1073 479 1132 remittere
505 1116 522 1144 ‚
543 1080 652 1131 aut
677 1068 986 1130 moderari
1021 1075 1363 1142 Censuras5
1394 1070 1561 1149 quod
1588 1072 1795 1147 primo

152 1148 272 1209 fuit
311 1147 393 1207 ab
421 1146 540 1207 illis
579 1147 964 1223 propositum
996 1166 1014 1221 3
1049 1165 1267 1205 verum
1290 1147 1469 1205 etiam
1493 1190 1511 1219 ‚
1536 1144 1613 1205 de
1636 1166 1793 1223 prae-

151 1223 324 1285 dicto
357 1221 610 1283 consilio
633 1232 696 1281 et
730 1233 1010 1292 assensu,
1054 1241 1124 1281 ac
1151 1220 1231 1281 de
1272 1219 1658 1297 plenitudine
1682 1228 1792 1283 Po-

150 1301 390 1361 testatis
419 1321 456 1359 a
506 1302 632 1359 Deo
671 1290 858 1357 Nobis
895 1296 1299 1371 couci-edim,
1342 1296 1495 1357 illud
1536 1296 1799 1376 illasque

189 1374 488 1437 robamus
517 1418 534 1447 ,
599 1374 1036 1435 confirmamus
1065 1419 1082 1446 ‚
1147 1383 1210 1432 et
1248 1374 1621 1434 innovamus
1648 1418 1665 1447 ,
1718 1372 1793 1433 il-

172 1450 422 1527 udque,
467 1459 530 1509 et
573 1448 706 1509 illas
751 1470 932 1509 omne
970 1450 1166 1509 robur
1197 1459 1261 1508 et
1294 1449 1794 1526 firmamentum,

143 1543 526 1601 omnemque
561 1525 690 1582 vim
733 1533 795 1583 et
823 1522 1153 1587 efficaciam
1187 1525 1250 1583 in
1283 1532 1599 1601 posterum
1633 1546 1797 1587 aem·-

136 1622 262 1677 per
299 1600 576 1669 habere,
635 1614 776 1657 suos
823 1616 900 1655 ue
932 1596 1241 1673 plenarios
1292 1604 1355 1657 et
1398 1602 1527 1659 inte
1569 1618 1667 1660 ros
1709 1602 1797 1661 esa

135 1678 354 1737 fectus
395 1667 607 1732 sortiri
647 1681 710 1729 et
755 1690 792 1729 o
841 1672 1040 1729 tinere
1069 1714 1086 1743 ‚
1135 1679 1320 1746 atque
1373 1672 1451 1731 ab
1497 1672 1660 1747 ilis,
1718 1676 1799 1735 ad

131 1770 319 1829 quos
356 1757 627 1824 spectat,
681 1756 745 1805 et
835 1756 905 1804 ro
965 1756 1243 1836 tempore
1286 1743 1799 1825 quandocumque

132 1850 164 1889 s
219 1823 465 1887 ectabit
503 1819 797 1884 inviolahi
829 1823 944 1883 iter
987 1832 1051 1883 et
1093 1840 1449 1884 inconcusse
1485 1820 1802 1887 observari

137 1848 547 1965 «secernimus
575 1908 639 1957 et
678 1894 980 1975 iubemum
1047 1952 1054 1961 ,
1788 1948 1795 1955 ,

225 1975 292 2055 S.
343 1993 441 2054 29.
470 1972 668 2049 Quod,
695 1984 898 2033 autem
939 1964 1168 2035 attinet
1209 1971 1286 2034 ad
1329 1964 1657 2038 secundam
1686 1994 1800 2054 poa.
1853 1976 1929 2032 n.
1960 1980 2099 2046 Que-

137 2050 598 2119 stulationem,
632 2048 709 2108 de
733 2048 1122 2127 proroganda
1163 2049 1515 2125 supradicta
1552 2051 1798 2129 dispens
1821 2048 1961 2100 ‘52⁰¹’
2011 2046 2102 2098 δῦ·

137 2130 402 2192 satione
423 2172 440 2199 ,
461 2146 642 2203 quam
661 2123 1067 2186 Praedecessor
1083 2128 1301 2185 Noster
1331 2128 1393 2185 in
1427 2128 1799 2189 decennium
1820 2122 1963 2167 ctum
1996 2128 2104 2187 ¹²⁰⁹

140 2204 493 2275 concessit,
528 2210 600 2262 ut
621 2199 852 2261 scilicet
877 2220 989 2277 per
1021 2199 1083 2261 id
1123 2202 1419 2275 temporis
1446 2242 1460 2272 ,
1496 2200 1560 2261 iu
1588 2208 1801 2265 Sacra«
1820 2197 1930 2233 “⁸⁰
1970 2180 2035 2231 ⁶⁰

140 2289 379 2341 mento
425 2278 805 2355 Baptismatis
837 2274 1252 2349 conferendo5
1287 2274 1491 2337 salivas
1519 2298 1633 2340 usu
1662 2281 1799 2341 abs·
1821 2248 2107 2364 βὴῖζηῇῗξ

135 2358 400 2426 tinere,
437 2362 498 2413 et
541 2372 740 2417 sacras
788 2350 1225 2412 insufflationes
1259 2350 1322 2409 in
1359 2350 1603 2413 occulto
1626 2354 1801 2416 adhi-
1820 2328 2060 2431 &leniga-

133 2432 314 2495 bere
354 2427 600 2502 liceret,
631 2447 755 2489 non
793 2438 997 2488 tamen
1033 2424 1148 2487 hoc
1211 2427 1515 2489 eneratim
1542 2471 1559 2500 ‚
1600 2449 1802 2506 neque
1826 2446 1895 2495 tis
1924 2440 2047 2496 ΧΗ.

135 2506 520 2569 indistincte
543 2550 560 2579 ,
603 2504 710 2566 sed
756 2503 862 2563 ubi
905 2502 1109 2578 gravis
1158 2522 1192 2561 a
1224 2503 1365 2577 iqua
1402 2512 1463 2560 et
1496 2512 1665 2563 certa
1698 2524 1799 2565 ne·
1822 2510 1961 2561 circa
2014 2510 2100 2559 S·-

134 2583 416 2645 cessitas
454 2577 839 2657 postularet,
879 2589 952 2639 ut
1006 2574 1381 2639 luculentius
1429 2578 1490 2637 in
1535 2578 1805 2655 eiusdem
1826 2590 2063 2654 ersmen·

133 2658 386 2721 Literis
405 2654 799 2734 Apostolicis‚
839 2674 1100 2732 quarum
1133 2654 1379 2714 initium
1404 2652 1804 2728 Compensat»,
1828 2642 1976 2757 ἕω.
2019 2657 2076 2690 ¹¹¹

129 2734 646 2811 exploratumque
681 2746 1029 2806 expressum
1069 2740 1196 2807 est3
1229 2732 1351 2789 Nos
1388 2725 1703 2790 declarare
1724 2750 1809 2791 sa·
1860 2713 2097 2825 ἓξῗζωο

131 2809 234 2871 tis
279 2828 408 2869 non
439 2822 760 2882 possumus
789 2850 804 2874 ‚
859 2825 1044 2882 quam
1085 2816 1255 2879 'egre
1296 2804 1598 2875 feramus,
1643 2806 1807 2883 quod
1830 2790 1950 2891 ἦν]
1994 2788 2085 2823 ‘⁰'

135 2882 358 2947 nullis
397 2882 598 2942 adhuc
639 2878 821 2941 certis
855 2879 1092 2941 indi-ciis
1148 2890 1257 2939 aut
1295 2882 1669 2955 argumentis
1711 2904 1810 2943 co-

187 2958 918 3033 noscerevotuerimus,
962 2966 1173 3015 utrum
1200 2956 1562 3015 Missionarii
1605 2976 1714 3032 per
1750 2958 1813 3019 id

132 2984 454 3099 (glecennii
493 3044 762 3108 tempus,
845 3028 963 3091 uod
998 3036 1120 3107 iam
1143 3028 1415 3106 elapsum
1436 3048 1563 3091 esse
1602 3032 1811 3108 digno·

129 3114 413 3184 scitur,
463 3102 557 3168 ad·
593 3052 1081 3186 Apostdlicarum
1138 3107 1481 3185 Literarum
1540 3111 1812 3184 praescri-

125 3200 391 3267 ptum,
439 3184 501 3244 in
553 3203 624 3243 eo
671 3203 787 3259 pro
824 3180 1056 3242 viribus
1095 3170 1589 3255 elaboraverint,
1626 3194 1814 3261 atque

129 3286 220 3327 ea
247 3308 272 3338 ,
341 3281 461 3339 qua
547 3280 614 3319 er
667 3269 840 3331 erat,
897 3256 1052 3330 lide,
1110 3276 1180 3317 ac
1228 3255 1575 3332 diligentia,
1631 3280 1817 3323 omne

126 3358 354 3403 suum
391 3347 488 3397 stu
536 3337 696 3409 ium,
730 3352 1103 3411 operamque
1131 3332 1529 3394 adhibuerint
1550 3376 1565 3406 ‚
1598 3345 1671 3397 ut
1709 3356 1813 3399 va-

129 3434 288 3480 nus
326 3406 428 3472 ille
455 3406 717 3486 horror,
760 3419 822 3471 et
861 3430 1081 3487 parum
1105 3430 1277 3487 aequa
1316 3412 1620 3545 avgrgatio
1661 3432 1813 3492 [πω.
