2434 3992
574 164 700 231 520
1059 166 1449 231 Benamc‘ri
1494 162 1674 231 XIV.

304 280 516 333 Pon.
572 274 962 335 Pontificatus
980 278 1073 334 sui
1100 281 1289 336 Anno
1327 278 1562 348 Primo,
1599 278 1764 335 inter
1795 286 2048 349 caetera,
2071 294 2197 355 quae

314 350 383 401 A·
420 348 485 404 V·
569 372 685 431 pro
724 362 1001 429 tempore
1039 354 1318 412 existenti
1362 358 1582 428 Magno
1639 353 1928 429 Magistro
1982 354 2198 417 Militiae

566 428 870 507 praedictae
904 431 1162 489 asseruit
1188 426 1540 507 privilegia,
1584 427 1644 487 id
1684 431 1872 489 etiam
1989 443 2200 509 rpetuo

567 505 767 566 eidem
821 503 1009 565 licere
1056 506 1354 567 concessit
1373 551 1389 578 ,
1445 514 1517 567 ut
1571 507 1701 581 ipse
1756 506 1894 566 vide
1925 510 2046 568 icet
2093 529 2200 585 pro

564 595 841 659 tempore
861 583 1120 643 existens
1152 588 1406 659 Magnus
1427 584 1740 659 Magister,
1767 604 2196 661 quaecumque,

564 669 1015 736 quotcumque,
1060 669 1124 719 et
1165 659 1637 736 qualiacumque
1681 658 1986 737 simplicia
2031 661 2198 723 dum·

562 746 735 797 taxat
767 736 1065 795 Beneficia
1101 734 1554 809 Ecclesiastica‚
1589 735 1667 795 de
1693 740 2200 813 Jurepatronatus

562 814 885 873 Laicorum
920 833 989 871 ex
1026 812 1392 872 fundatione
1417 824 1478 873 et
1503 813 1823 873 dotatione
1856 816 2200 888 existentia,

563 901 628 950 et
656 888 978 967 personale
1012 891 1332 951 servitium
1361 892 1425 949 in
1460 887 1940 950 Cathedralibus
1971 900 2036 950 et
2067 890 2195 953 Col-

560 966 799 1045 legiatis
838 987 964 1027 non
998 968 1376 1043 requirentia
1398 970 1425 1030 .‘
1443 965 1790 1042 (accedente
1821 975 2036 1027 tamen
2063 988 2196 1029 con-

562 1064 743 1104 sensu
786 1048 1233 1110 Patronorum,
1276 1043 1354 1103 de
1387 1062 1655 1119 quorum
1688 1042 1932 1120 juribus
1973 1045 2095 1118 eis,
2134 1056 2198 1105 ut

561 1124 920 1197 praefertur,
968 1140 1040 1181 ex
1076 1120 1445 1180 fundatione
1489 1130 1552 1179 et
1599 1118 1920 1179 dotatione
1961 1140 2197 1198 compe-

562 1197 874 1270 tentibus,
915 1218 1026 1275 per
1076 1196 1324 1273 publica
1365 1196 1765 1270 documenta,
1809 1217 1940 1257 non
1993 1207 2200 1259 autem

559 1294 672 1353 per
700 1272 817 1333 alia
863 1273 1308 1352 probationum
1347 1293 1606 1349 genera,
1635 1292 1846 1333 coram
1884 1293 2003 1349 pro
2047 1282 2197 1335 tem-

556 1370 709 1427 pore
754 1350 1155 1412 existentibus
1188 1351 1452 1409 Romani
1490 1350 1796 1409 Pontificis
1833 1348 2090 1413 Vicat-io
2134 1353 2196 1411 in

556 1426 727 1486 Urbe
776 1427 839 1485 in
892 1424 1326 1503 Spiritualibus
1382 1424 1703 1495 Gemi-ali,
1775 1436 1837 1485 et
1893 1425 2197 1487 Auditore

555 1507 897 1563 Causarum
942 1504 1144 1563 Curiae
1202 1506 1476 1562 Camerae
1517 1498 1915 1579 Apostolicae‚
1964 1506 2200 1566 vocatis

554 1580 844 1639 interesse
870 1578 1241 1639 habentibus
1260 1624 1276 1650 ‚
1315 1577 1586 1655 legitime
1609 1589 1917 1639 constaret
1933 1622 1951 1651 ,
1983 1590 2050 1639 et
2071 1582 2204 1641 sine

553 1655 913 1733 praejudicio
954 1677 1023 1716 ea
1072 1652 1522 1727 obtinentium,
1570 1657 1837 1731 ipsisque
1876 1654 2200 1717 dumtaxat

554 1731 915 1792 cedentibus
936 1774 949 1800 ,
974 1730 1073 1795 vel
1095 1731 1604 1807 decedentibus),
1635 1733 1699 1790 in
1733 1736 2196 1806 Praeceptorias‚

488 1816 495 1823 '
556 1807 1007 1883 Commendas,
1042 1806 1400 1885 cappellam,
1446 1818 1556 1867 ant
1591 1805 1884 1867 Ecclesias
1921 1810 2196 1884 ipsorum

554 1884 885 1963 Hospitalis
921 1895 984 1944 et
1022 1884 1254 1945 Militiae
1297 1894 1598 1962 perpetuo
1633 1886 1869 1960 erigere
1912 1894 1978 1943 et
2021 1884 2196 1945 insti·

554 1972 767 2034 tuere,
811 1962 1110 2037 dictaeque
1148 1979 1273 2021 suae
1308 1958 1536 2021 Militiae
1574 1970 1877 2037 perpetuo
1909 1962 2195 2039 incorpo-
2289 1972 2298 1986 “
2383 2007 2386 2041 2

552 2058 729 2111 rare,
792 2034 1137 2112 applicare,
1194 2046 1260 2095 et
1311 2038 1744 2114 appropriare,
1809 2056 1881 2096 ac
1944 2033 2197 2099 illarum

550 2112 1011 2173 Fundatoribus
1032 2152 1047 2177 ,
1090 2122 1154 2175 et
1206 2114 1604 2174 Dotatoribus
1644 2118 1752 2173 Jus
1791 2118 2194 2187 Patronatns,

552 2200 617 2250 et
671 2186 1084 2267 praesentandi
1144 2188 1314 2249 dicto
1372 2192 1660 2267 Magistro
1719 2199 1782 2248 et
1839 2194 2196 2252 Conventui

550 2266 824 2343 ejusdem
860 2264 1122 2339 Militiae,
1159 2264 1260 2327 vel
1283 2285 1499 2326 eorum
1531 2271 1867 2343 DeputatO,
1983 2268 2196 2327 rsonas

548 2344 801 2403 idoneas
826 2340 904 2401 ad
927 2344 1354 2418 Praeceptorias
1371 2387 1388 2415 ‚
1419 2348 1645 2405 Domos
1666 2386 1682 2415 ‚
1703 2347 1914 2421 Cappe
1937 2342 2026 2401 las
2044 2388 2064 2416 ‚
2091 2364 2194 2403 seu

546 2417 871 2486 Ecclesias,
914 2429 977 2478 et
1016 2417 1350 2494 Hospitalia
1376 2418 1729 2497 hujusmodi
1757 2438 1872 2495 pro
1914 2430 2196 2497 tempore

544 2499 831 2558 vacantia
856 2541 873 2569 ‚
914 2506 1220 2572 perpetuo
1259 2515 1668 2571 praeservare,
1713 2514 1817 2553 seu
1859 2496 2050 2554 etiam·
2098 2516 2192 2557 re-

546 2594 792 2636 servare
811 2620 828 2646 ,
868 2584 931 2633 et
980 2571 1353 2645 concedere,
1393 2583 1457 2632 et
1498 2572 1583 2631 sic
1629 2592 1664 2630 a
1709 2573 1998 2631 Patronis
2037 2592 2191 2648 prae-

546 2662 855 2722 sentum,
895 2656 1063 2727 juxta
1104 2646 1524 2707 stabilimenta
1559 2647 1737 2707 dictae
1777 2645 2044 2721 Militiae,
2079 2650 2189 2711 mi-

444 2730 449 2737 ’
548 2730 716 2789 nime
744 2728 1041 2803 requisito
1073 2725 1552 2787 Ordinariorum
1588 2730 1888 2783 Locorum
1908 2770 1925 2798 ‚
1947 2736 2013 2784 et
2037 2744 2186 2801 quo·

547 2811 786 2867 rumvis
826 2802 1090 2863 aliorum
1123 2822 1425 2862 consensu
1447 2847 1462 2873 ,
1492 2803 1556 2861 in
1584 2799 1702 2859 illis
1734 2802 2091 2875 instituere,
2120 2822 2192 2862 ac

547 2880 699 2943 alias
728 2878 834 2941 illa
867 2879 1179 2952 conferre,
1221 2889 1283 2939 et
1321 2878 1398 2937 de
1432 2879 1519 2938 eis
1559 2876 1886 2953 providere
1923 2889 2134 2953 posset
2168 2900 2189 2937 τ

544 2965 643 3019 Ita
682 2970 920 3029 tamen,
974 2955 1141 3033 quod
1180 2955 1428 3015 debitus
1479 2956 1735 3016 Divinus
1789 2951 2034 3014 Cultus·
2077 2974 2190 3033 per

544 3036 795 3096 idoneas
840 3052 1132 3109 personas
1183 3032 1264 3091 ab
1322 3030 1656 3093 Ordinario
1712 3029 2151 3165 atgprobandas
2169 3074 2184 3103 ,

544 3115 784 3173 etiamsi
824 3110 971 3169 dicti
1013 3108 1269 3171 Ordinis
1300 3108 1542 3181 forent,
1577 3110 1641 3166 in
1679 3107 1764 3165 eis
1809 3126 1906 3167 em
1945 3126 2183 3167 exerce-

542 3199 742 3249 retur.
784 3186 1087 3263 Quodque
1128 3184 1535 3246 Confirmatio
1587 3183 1950 3255 erectionis,
1991 3194 2055 3243 et
2093 3186 2182 3243 in·

540 3266 879 3325 stitutionis
937 3263 1481 3340 Praeceptoriarum
1519 3307 1537 3333 ‚
1600 3259 2128 3321 Commendarnm
2163 3304 2180 3331 ,

543 3340 1005 3416 Cappella'rum,
1048 3351 1157 3399 aut
1188 3336 1593 3399 Ecclesiarum
1632 3356 1749 3413 pro
1773 3347 2060 3414 tempore
2097 3336 2182 3395 sic

543 3426 927 3490 erectarum,
976 3428 1038 3477 et
1082 3414 1329 3476 illarum
1373 3414 1926 3493 incorporationis,
1986 3410 2178 3492 appli-
