2434 3992
820 188 1266 258 BULLAnnm.
1729 208 1805 281 77

184 308 296 373 τες,
338 294 455 360 illis
496 318 627 359 non
675 302 1095 361 consenserint
1115 348 1133 374 ,
1178 321 1292 361 nec
1333 299 1412 360 ad
1459 320 1527 360 ea
1566 305 1808 375 vocati,
1865 316 2070 375 Auno

184 378 343 437 ‘citati
377 423 409 457 ,γ
442 386 506 435 et
548 374 781 449 auditi,
823 398 1023 457 neque
1065 400 1258 439 causae
1289 424 1306 453 ‚
1361 388 1620 455 propter
1657 400 1809 455 quas
1904 381 2048 451 1743.

182 463 495 530 praesentes
519 464 892 515 emanarunt
911 500 923 524 ,
955 455 1328 517 sufficienter
1357 454 1634 517 adductae
1654 501 1671 531 ,
1704 478 1806 518 ve-

184 532 449 603 rifieatae,
489 542 553 591 et
592 532 931 608 justificatae
955 534 1227 608 fuerint,
1258 543 1368 593 aut
1401 553 1472 593 ex
1503 532 1620 594 alia
1655 554 1805 609 qua-

183 620 411 686 cunque
443 610 845 685 quantumvis
882 614 1075 687 iusta,
1108 608 1380 687 legitima
1401 656 1418 685 ‚
1457 622 1519 670 et
1555 610 1804 691 privile-

184 688 327 760 giata
362 706 546 745 causa
567 731 583 758 ‚
626 683 833 745 colore
851 732 867 761 ‚
894 698 1189 763 praetextu
1206 734 1224 763 ,
1251 698 1314 748 et
1343 690 1542 765 capite
1559 735 1576 763 ‚
1620 691 1810 749 etiam

183 764 237 821 in
274 782 535 839 corpore
561 764 715 839 juris
750 764 995 835 clauso,
1037 758 1227 825 etiam
1281 766 1583 839 enormiS‚
1627 778 1804 827 enor-

182 838 447 899 missirnae
467 885 485 913 ‚
525 850 587 899 et
618 838 828 915 totalis·
867 838 1130 901 lae'sionis
1150 890 1162 911 ,
1190 834 1322 901 ullo
1352 857 1628 919 unquam
1653 854 1806 903 tem-

181 936 313 1052 fore
343 916 427 976 de
451 912 899 995 subreptioni8‚
926 917 1027 981 x'rel
1067 918 1449 995 obreptionis
1469 962 1488 991 ‚
1530 930 1639 997 aut
1670 920 1806 981 nul·

201 996 352 1054 itatis
376 994 537 1057 vitio
562 1036 576 1060 ‚
622 1014 728 1054 seu
766 996 1128 1057 intentionis
1168 1006 1429 1069 nostrae,
1475 1007 1583 1057 aut
1615 996 1808 1059 inter-

181 1070 678 1151 essebabentium
704 1080 1033 1133 consensus
1055 1118 1071 1147 ‚
1096 1072 1298 1135 aliove
1329 1071 1599 1135 ‘'uolibet
1616 1074 1811 1135 ctiam

182 1148 568 1225 quantumvis
610 1156 831 1225 magno
858 1191 872 1213 ‚
911 1161 973 1210 et
1002 1150 1346 1222 substantia
1377 1152 1430 1225 i,
1472 1172 1542 1211 ac
1581 1152 1806 1229 incogi-

180 1235 333 1300 tata,
380 1236 448 1285 et
491 1224 945 1305 inexcogitabili
990 1227 1496 1307 individuamque
1567 1240 1814 1306 expres-j

180 1304 401 1364 sionem
444 1304 801 1379 requirente
848 1302 1092 1364 defectu
1128 1300 1840 1383 notaririmpugnari„

178 1380 451 1457 infringi,
488 1381 825 1453 ,retractari
853 1426 870 1453 ‚
907 1383 974 1441 in
1015 1388 1109 1460 ius
1132 1380 1284 1451 ‚Vel
1325 1386 1812 1446 controversiam

179 1458 484 1531 revocari,
526 1467 635 1517 aut
666 1457 743 1517 ad
775 1461 1073 1524 terminos
1096 1462 1248 1539 iuris
1273 1460 1520 1531 reduci,
1559 1479 1668 1521 seu
1700 1460 1808 1521 ad-

179 1555 375 1595 versus
404 1532 543 1594 illas
577 1535 933 1611 aperitionis
970 1538 1093 1595 oris
1114 1580 1129 1607 ‚
1167 1538 1576 1598 restitutionis
1608 1540 1674 1598 in
1714 1541 1810 1598 in-

177 1612 408 1690 tegrum
428 1656 445 1686 ‚
484 1608 732 1675 aliudve
774 1610 1207 1692 quodcumque
1247 1616 1394 1673 ‘uris
1413 1658 1428 1685 ‚
1472 1614 1618 1674 faeti
1651 1660 1668 1689 ‚
1709 1614 1812 1677 vel

180 1690 375 1765 gratiae
419 1687 761 1751 remedium
792 1692 1133 1763 intentari,
1174 1704 1252 1755 ve
1309 1691 1662 1767 impetrari,
1701 1698 1813 1753 aut

178 1764 499 1845 impetrato
520 1807 536 1836 ,
580 1786 685 1827 seu
740 1768 926 1828 etiam
968 1768 1140 1828 motu
1175 1813 1191 1839 ‚
1246 1758 1538 1840 scientia,
1594 1778 1658 1827 et
1703 1780 1810 1845 ‘poe

176 1847 400 1906 testatis
436 1842 823 1921 plenitudine
861 1843 1136 1922 paribus'
1163 1858 1482 1917 concessm
1521 1842 1624 1904 vel
1648 1864 1810 1905 ema-

178 1928 315 1983 nato
332 1968 349 1997 ‚
379 1922 737 2001 quempiam
776 1925 841 1982 in
868 1922 1095 1999 judicio
1113 1968 1129 1997 ‚
1168 1920 1270 1983 'vel
1294 1916 1465 1983 extra
1495 1916 1650 1981 illud
1680 1926 1775 1982 uti
1791 1965 1812 1993 ,

176 2018 271 2059 seu
304 2020 369 2059 se
400 2006 623 2077 iuvare
658 1996 787 2059 ullo
828 1998 1014 2059 modo
1051 2006 1271 2077 posse}
1314 2000 1420 2059 sed
1461 2000 1620 2076 ip'sas
1641 2014 1808 2075 prae-

176 2085 363 2139 sentes
402 2077 641 2137 Literas
677 2096 915 2154 semper
958 2076 1195 2149 firmas,
1240 2074 1476 2137 validas
1502 2121 1520 2150 ‚
1572 2087 1635 2136 et
1683 2075 1808 2137 effi-

174 2164 332 2215 caces
376 2154 670 2227 existere,
708 2163 771 2214 et
812 2153 945 2215 fore
969 2199 986 2226 ‚
1038 2158 1213 2214 suos‘'
1269 2162 1304 2212 ‘e
1347 2148 1656 2229 plenarios
1685 2198 1702 2227 ‚
1747 2164 1812 2216 et

176 2231 437 2308 integros
479 2228 731 2291 effectus
772 2224 983 2291 sortiri
1010 2274 1025 2301 ,
1068 2241 1132 2290 et
1174 2251 1212 2289 o
1261 2231 1494 2304 tinere,
1537 2243 1606 2289 ac·
1643 2227 1762 2291 illis
1790 2277 1809 2306 ‚

176 2308 248 2369 ad
286 2324 441 2386 quos
490 2318 758 2384 spectat.
802 2318 867 2367 et
910 2314 1027 2384 pro
1069 2317 1348 2383 tempore·
1388 2306 1806 2382 quandocum-

174 2405 287 2461 que
327 2384 676 2463 spectabit,
718 2386 785 2444 iri
817 2382 1105 2452 omnibus
1136 2424 1151 2445 ,
1197 2393 1263 2443 et
1301 2403 1413 2459 per
1448 2386 1654 2443 omnia
1679 2382 1809 2461 ple·

174 2463 413 2523 nissime
451 2460 812 2537 suffragari,
858 2471 921 2521 et
960 2460 1041 2521 ab
1096 2462 1183 2520 eis
1233 2461 1568 2536 respective
1613 2462 1808 2522 invio·

173 2536 437 2601 labiliter
478 2539 841 2600 observari:
883 2540 1089 2615 sicque
1107 2562 1128 2605 3
1185 2541 1277 2626 et*⁵
1297 2556 1425 2595 non
1471 2532 1657 2599 aliter.
1681 2584 1697 2607 ‚
1744 2540 1812 2598 in

173 2618 494 2693 praemissis
510 2663 527 2689 ‚
553 2638 665 2695 per
692 2630 1111 2693 quoscumque
1136 2614 1380 2673 „Iudices
1407 2612 1806 2688 Ordinarios‚

174 2704 232 2753 et
262 2693 575 2772 delegatos
594 2740 610 2767 ,
646 2696 832 2753 etiam
862 2699 1203 2754 Causarum
1232 2686 1451 2751 Palatii
1479 2688 1814 2767 Apostolici

170 2771 505 2833 Auditores
525 2818 545 2847 ‚
581 2763 811 2831 aliosve
856 2760 1174 2848 quoslibet
1200 2786 1594 2850 quacumque
1621 2788 1816 2845 praee·

170 2850 470 2909 minentia
488 2896 507 2921 ‚
552 2860 615 2909 et
638 2858 937 2925 potestate
958 2849 1284 2922 fungentes
1301 2892 1316 2913 ,
1359 2856 1422 2905 et
1447 2844 1768 2927 functuros
1799 2894 1816 2920 ‚

167 2924 413 2987 sublata
453 2927 578 3000 eiS,
619 2937 682 2986 et
720 2945 935 2985 eorum
968 2908 1224 2985 cuilibet
1255 2920 1436 2983 aliter
1465 2923 1812 3001 iudicandi,

168 3013 231 3063 et
250 3002 587 3063 definiendi
615 3002 908 3063 facultate
930 3045 945 3069 ‚
980 3014 1041 3063 et
1074 3001 1444 3062 auctoritate
1463 3044 1480 3073 ,
1511 3000 1774 3079 judicari
1795 3047 1812 3073 ‚

169 3090 233 3139 et
283 3078 530 3140 definiri
572 3080 833 3145 debere,
878 3100 951 3139 ac
980 3081 1264 3154 irritum,
1312 3088 1374 3137 et
1412 3079 1598 3138 inane
1637 3078 1811 3155 quid·

166 3156 329 3233 quid
362 3178 535 3218 secus
568 3178 752 3236 super
785 3156 883 3217 his
922 3178 958 3216 a
1003 3173 1390 3234 quocumque
1435 3154 1653 3232 quavis
1685 3176 1809 3219 ,au-

166 3235 461 3295 ctoritate
524 3237 790 3295 scienter
822 3282 839 3311 ,
900 3231 999 3294 vel
1062 3235 1422 3310 ignoranter
1485 3233 1813 3310 contigerit

164 3322 581 3467 augnzrilon
610 3385 999 3448 obstantibus
1024 3388 1246 3446 Nostra
1268 3426 1287 3450 ,
1318 3395 1380 3445 et
1419 3385 1811 3449 Cancellariae
1889 3412 2110 3477 Der-oga·

163 3461 541 3544 Apostolicae
562 3463 795 3541 Regula
820 3462 1051 3542 dejure
1076 3462 1328 3540 quaesito
1344 3461 1772 3601 n3n3tollendo
1791 3512 1809 3540 ,
1835 3476 2018 3529 tiones.

1851 3574 1876 3603 ο
