2434 3992
754 104 1205 223 BULLAmuui
1666 151 1782 248 137

161 258 423 335 mendis,
466 275 603 337 qua!
639 253 933 322 Militibus
968 263 1593 324 commendatoribus
1627 272 1782 345 ejus*
1839 276 1887 329 A
1911 290 1942 327 ιι
1967 295 1997 328 ι
2018 294 2057 329 a

161 341 287 401 dem
334 338 573 400 Militiae
618 360 688 397 ex
724 342 808 398 eis
852 340 1209 399 alimoniam
1249 341 1664 418 percepturis,
1714 362 1785 402 uc
1880 347 2034 413 1743.-

160 416 453 476 culturam
486 415 795 475 bonorum
816 460 831 486 ‚
858 437 929 474 ae
963 428 1275 477 certorum
1301 438 1562 477 onerum
1589 417 1784 478 adim-

159 493 559 569 plementum,
602 502 663 553 et
693 494 995 568 praecipua
1032 495 1209 553 dictae
1245 492 1477 553 militiae
1525 514 1785 557 munera

159 570 486 629 executuris
504 616 521 639 ‚
564 579 629 627 et
652 568 949 628 subituris
974 614 990 643 ,
1018 584 1280 647 quorum
1318 570 1745 631 decedentium
1763 618 1780 647 ‚

160 656 215 705 rt
252 648 313 705 in
353 646 541 705 bonis
586 644 950 704 habentium
986 644 1177 723 spolia
1221 646 1297 705 ad
1337 646 1571 707 dictum
1615 668 1781 708 com·-

158 738 331 781 mune
365 723 673 784 AErarium
700 724 1010 797 spectant.
1050 722 1512 791 conceduntur,
1540 742 1611 781 ex
1648 726 1780 799 qui·-

159 798 262 858 bus
298 805 417 877 jam
458 798 680 873 viginti
722 799 852 857 dud
884 816 1023 857 cum
1064 799 1328 857 dimidio
1355 817 1471 875 pro
1502 797 1787 875 quolibet

162 878 517 936 centenario
533 874 885 935 reddituum
906 873 1154 934 illarum
1177 906 1199 947 ‚⁴
1211 878 1521 934 communi
1547 878 1783 955 AErario

161 952 433 1026 praedicto
476 954 809 1029 quotannis
856 951 1332 1027 persolvuntur,
1375 950 1571 1010 ullum
1611 951 1780 1012 aliud

162 1037 273 1087 tam
306 1028 672 1104 urgentibus
727 1026 1078 1103 indigentiis
1127 1026 1520 1088 sublevandis
1565 1032 1779 1105 aptum

161 1104 478 1165 subsidium
517 1104 795 1180 capiendi
838 1119 943 1181 spe
982 1103 1353 1181 effulgenter,
1397 1102 1547 1163 bon.
1590 1125 1775 1165 mem.

161 1180 539 1255 Raymundus
575 1182 836 1258 Despuig
859 1225 871 1247 ,
908 1191 1061 1241 tunc
1098 1182 1248 1240 dum
1289 1182 1563 1251 viveret,
1599 1181 1778 1242 dictae
1865 1180 2044 1235 Preect

163 1256 370 1318 Militiae
388 1264 645 1332 Magnus
672 1260 986 1333 Magister,
1014 1257 1161 1317 alies
1188 1256 1292 1318 fel.
1325 1276 1450 1317 rec.
1470 1257 1776 1319 Clementi
1803 1248 1989 1299 ‘’¹³¹⁸“
2041 1317 2053 1329 ,

162 1338 252 1394 ΡΡ.
294 1340 431 1395 XII.
474 1334 905 1395 Praedecessori
956 1339 1179 1398 Nostro
1237 1334 1523 1396 demissas
1566 1356 1776 1412 preces
1797 1315 2056 1367 C¹‘'¹¹²¹'¹¹¹¹

162 1430 257 1485 pro
288 1413 705 1489 reportatione
738 1414 1014 1471 omnium
1052 1410 1446 1472 Indultorum
1466 1458 1482 1485 ‚
1510 1413 1590 1472 ab
1611 1421 1772 1492 Apo·
1799 1383 1898 1436 Pp·
1919 1384 2049 1435 ΧΗ*

162 1485 349 1549 stolica
409 1488 561 1548 Sede
580 1532 593 1558 ‚
639 1488 721 1547 ob
769 1502 982 1564 graves
1003 1532 1019 1561 ‚
1077 1499 1139 1549 et
1196 1488 1612 1549 defensionem
1635 1534 1649 1560 ,
1703 1512 1780 1551 ac

162 1568 636 1642 propagationem
662 1565 839 1625 dictae
873 1563 1205 1641 Religionis
1244 1568 1646 1641 importantes
1675 1588 1772 1627 ra·-

162 1642 367 1716 tiones,
408 1641 556 1701 alibi
597 1653 1057 1713 concessorum,
1110 1660 1238 1717 pro
1279 1642 1576 1712 (inarum,
1616 1662 1774 1718 prae·

162 1716 314 1779 dictae
347 1718 577 1779 Militiae
620 1718 876 1788 ditioni,
918 1730 983 1793 et
1011 1718 1286 1777 dominio
1325 1717 1734 1794 subiectarum
1755 1766 1774 1793 ,

163 1795 479 1856 Insularum
500 1842 518 1868 ‚
548 1816 769 1872 nempe
797 1792 1048 1863 Melitae,
1084 1805 1147 1855 et
1182 1795 1352 1853 Gotii
1381 1793 1607 1854 Incolis
1625 1824 1650 1869 ,·
1669 1796 1770 1857 de·

162 1869 389 1950 tulerit3
444 1873 770 1949 dictusque
808 1871 1095 1935 Clemens
1142 1870 1550 1931 Praedecessor
1587 1880 1778 1947 pecu·-

162 1943 277 2009 liari
295 1948 738 2010 nonnullorum
760 1953 819 2009 S.
846 1954 921 2009 R.
947 1954 1018 2009 E.
1046 1946 1473 2008 Cardinalium
1502 1954 1776 2025 Congre··

163 2025 363 2097 gationi
406 2028 484 2087 ad
539 2024 603 2085 id
659 2045 773 2101 per
828 2046 967 2087 eum
1010 2037 1165 2086 tuuc
1205 2026 1514 2103 deputatae
1560 2044 1772 2101 preces

163 2098 483 2178 huiusmodi
540 2102 843 2163 remiserit
864 2148 881 2175 ,
942 2113 1003 2164 et
1058 2105 1474 2179 Congregatio·
1513 2104 1774 2177 prtefatu

163 2174 305 2252 illas,
342 2200 413 2240 ac
454 2183 699 2253 omnia,
750 2190 815 2239 et
849 2177 1083 2257 singula
1120 2183 1372 2240 nomine
1417 2180 1566 2239 dicti
1608 2185 1766 2257 Ray-

162 2256 347 2316 mundi
406 2258 607 2333 Magni
671 2258 937 2333 Magistri
959 2303 977 2331 ‚
1034 2276 1105 2315 ac
1170 2253 1425 2317 Consilii
1465 2256 1774 2331 praedictae

162 2330 359 2393 Militiae
382 2344 535 2393 tunc
555 2331 745 2392 allata
763 2342 1002 2393 mature
1023 2334 1440 2410 perpendens,
1465 2351 1594 2392 rem
1619 2345 1769 2395 tunc

162 2404 375 2470 differre
409 2412 740 2470 censuerit.

218 2482 265 2561 §-
304 2504 360 2546 2.
402 2491 492 2547 Ac
522 2484 745 2546 deinde
766 2484 1063 2561 praedicto
1094 2481 1416 2543 Clemente
1439 2486 1765 2547 Praedeces·
1787 2497 1919 2549 Item
1941 2498 2066 2547 Sm-

162 2578 273 2620 sore
301 2562 379 2623 ab
410 2561 527 2623 bac
554 2562 691 2623 luce
714 2560 959 2623 sublato
975 2607 992 2633 ‚
1018 2559 1278 2619 dilectus
1317 2557 1500 2617 Filius
1537 2563 1766 2624 Nobilis
1787 2566 1934 2641 etin·
1961 2566 2065 2613 Do-

163 2638 251 2696 Vir
272 2638 563 2699 Emanuel
588 2642 768 2699 Pinto
793 2638 1123 2698 modernus
1150 2637 1326 2697 dictae
1354 2634 1578 2696 Militiae
1603 2644 1762 2715 Mag·
1787 2646 1932 2681 ¹¹¹¹¹¹0
1963 2630 2069 2684 ΝΟ·

164 2730 253 2773 nus
288 2719 601 2793 Magister,
654 2716 791 2793 qui,
836 2716 1003 2775 sicuv
1028 2713 1217 2774 Nobis
1265 2714 1538 2773 innotuit
1561 2759 1577 2782 ‚
1626 2726 1766 2790 post
1785 2704 1913 2748 ⁸²¹⁰·

161 2791 301 2850 varia
326 2793 629 2869 praedictae
668 2790 897 2853 maitiae
934 2810 1189 2850 munera
1224 2808 1344 2867 per·
1379 2809 1520 2847 eum
1554 2788 1766 2850 lauda·

160 2862 333 2927 biliter
355 2880 418 2930 et
440 2890 681 2930 summa
706 2869 981 2928 omnium
1005 2866 1543 2927 commendatione
1560 2876 1728 2944 gesta
1747 2915 1768 2943 ,

161 2944 361 3005 eximiis
406 2966 535 3025 pra!
589 2946 820 3007 caeteris
870 2945 1209 3005 virtutibus
1253 2943 1543 3021 praeditus
1568 2986 1580 3005 .
1639 2946 1767 3006 suis

160 3018 227 3077 ita
246 3022 613 3099 exigentibus
642 3023 875 3082 meritis
894 3067 909 3091 ,
932 3022 1126 3081 eidem
1154 3018 1382 3081 Militiae
1412 3020 1768 3097 Praefectus,

160 3114 216 3153 ex
251 3116 361 3172 quo
386 3121 482 3161 am
532 3098 824 3159 lissimam
866 3099 1236 3175 Dignitatem
1268 3106 1577 3156 assecutus
1613 3096 1760 3174 fuit,

160 3190 369 3235 omnem
414 3177 487 3237 di
514 3178 837 3254 igentiam,
892 3186 953 3235 et
988 3194 1197 3234 curam
1248 3175 1312 3232 in
1343 3174 1767 3249 promovendo

161 3251 389 3311 Instituo
439 3254 735 3330 praedicto
778 3250 1047 3313 viriliter
1100 3250 1380 3310 conferre
1421 3268 1544 3308 non
1575 3249 1764 3310 desti-

160 3326 250 3399 tit,
274 3330 613 3465 dpraefatum
672 3331 984 3406 negotium
1032 3328 1378 3387 accuratius
1435 3325 1556 3385 sibi·
1593 3348 1755 3387 essu-

159 3418 269 3463 meu
314 3427 413 3467 um
450 3408 723 3485 duceus3
764 3424 1095 3485 secumque
1135 3414 1430 3483 reputans
1466 3404 1762 3482 aequiores
