2434 3992
718 122 730 135 ”
763 134 1214 200 nummum.
1656 138 1771 219 167

169 242 392 300 tionibus
427 250 730 315 exceptum
741 252 1054 316 patratum
1061 240 1265 318 fuisse
1294 241 1625 331 cognoverit
1638 284 1655 312 ,
1694 242 1782 299 ad
1832 259 1881 313 A
1898 273 1937 311 Ν
1950 274 1989 311 N—
2003 274 2041 313 0

169 319 594 376 declarationem
611 316 819 448 ,d'quod
851 318 1070 375 scilicet
1115 317 1188 373 de
1228 338 1377 374 casu
1420 328 1509 374 ita
1544 330 1777 394 excepto
1873 322 2020 394 1743.

167 405 362 453 constet
380 437 394 461 ‚
415 413 626 471 progre
669 396 831 449 iatur
850 438 866 463 ‚
921 404 1357 471 extractumque
1390 434 1407 465 ,
1452 394 1509 451 si
1549 395 1777 452 Laicus

169 474 268 546 sit,
301 470 598 529 Ministris
615 514 633 543 ‚
685 481 746 525 et
779 468 1138 547 officialibus
1190 470 1387 528 Carice
1432 471 1729 528 Secularis
1761 513 1777 541 ,
1843 526 1851 531 .

171 550 214 604 si
232 558 420 605 autem
460 546 720 603 Clericus
737 590 754 617 ‚
787 548 912 619 ejus
953 548 1301 621 competenti
1326 546 1560 606 Iudicii
1579 547 1782 605 Eccle-

171 624 374 681 siastico
417 622 646 679 tradere
664 667 682 697 ‚
715 632 774 677 et
810 622 1152 700 consignare
1164 624 1359 699 possit
1370 654 1393 697 ·,
1414 628 1491 680 ac
1530 622 1741 680 debeat
1756 664 1777 692 ,

173 700 362 760 exactis
418 710 624 755 tamen
647 744 664 771 ,
707 699 1056 776 receptisque
1103 700 1170 754 in
1199 709 1340 758 actu
1398 698 1729 759 traditionis
1762 742 1778 771 ‚

174 787 218 831 et
265 775 719 854 consignationis
761 772 1142 851 hujusmodi,
1191 796 1236 831 a
1281 774 1489 831 Iudice
1542 774 1781 855 quidem

177 853 443 927 seculari,
462 856 802 924 juramento
821 896 838 924 ‚
869 860 928 906 et
960 850 1038 908 ab
1066 850 1485 909 Ecclesiastico
1499 892 1518 923 ‚
1540 854 1785 927 promis.

178 931 306 987 abne
337 930 403 984 in
429 927 611 985 verbo
645 928 911 984 veritatis
930 972 948 1001 ‚
983 926 1057 984 de
1080 927 1433 985 restituendo
1460 938 1784 985 extractum

179 1006 436 1071 Ecclesioe
451 1050 469 1077 ,
506 1004 699 1061 locove
723 1005 1009 1077 immuni,
1037 1003 1146 1061 sub
1163 1023 1359 1081 poena
1398 1007 1784 1062 excommuni,

181 1083 392 1138 cationis
424 1082 570 1137 latoe
588 1081 905 1141 Sententiae
922 1127 940 1155 ‚
957 1080 1148 1137 Nobis
1169 1124 1181 1147 ,
1205 1090 1265 1141 et
1288 1078 1480 1137 eidem
1504 1084 1784 1139 Romano

183 1158 437 1231 Pontifici
471 1177 588 1233 pro
625 1168 876 1233 tempore
911 1157 1182 1214 existenti
1217 1166 1554 1231 reservatae,
1592 1168 1789 1237 quate.

182 1252 272 1290 nus
305 1244 600 1291 extractus
631 1233 698 1289 in
722 1233 848 1289 suis
869 1230 1309 1311 defensionibus
1332 1278 1349 1308 ‚
1396 1254 1535 1313 quce
1568 1232 1657 1291 ad
1677 1242 1790 1291 tra,

183 1311 320 1366 mites
359 1310 522 1384 juris
541 1354 560 1385 ‚
611 1320 672 1371 et
723 1308 1176 1367 ordinationum
1213 1308 1695 1385 Apostolicorum
1732 1311 1791 1366 ei

181 1397 514 1461 competunt,
545 1384 809 1463 praefata
843 1384 1028 1443 elidat
1047 1432 1064 1460 ‚
1103 1397 1164 1442 et
1197 1385 1393 1444 dilatat
1423 1386 1669 1445 indicia.
1700 1388 1791 1445 Et

185 1463 222 1516 si
243 1464 338 1519 illa
372 1463 618 1519 minime
647 1462 864 1519 eliserit
880 1504 898 1533 ,
927 1476 1034 1519 seu
1059 1462 1294 1519 diluerit
1312 1503 1329 1533 ‚
1354 1474 1413 1520 et
1440 1462 1788 1555 delinquens

185 1550 406 1613 repertus
425 1537 626 1615 fuerit
641 1584 658 1611 ‚
699 1537 900 1595 ludici
929 1559 1038 1595 suo
1069 1584 1086 1612 ,
1114 1539 1335 1595 scilicet
1373 1540 1787 1597 Ecclesiastico

184 1612 234 1674 in
265 1615 550 1673 Glericum
575 1660 592 1688 ,
633 1614 900 1671 Seculari
939 1615 1006 1669 in
1053 1616 1312 1671 Laicum
1329 1658 1347 1687 ,
1386 1625 1455 1678 ut
1471 1618 1635 1689 juris·
1664 1636 1789 1676 esse

187 1693 445 1748 censuerit
472 1736 489 1762 ‚
525 1690 986 1749 animadvertere
1018 1689 1214 1752 liceat.

245 1776 292 1857 S.
321 1778 382 1839 6.
431 1780 680 1854 Quoties
716 1789 920 1841 autem
957 1778 1032 1835 de
1063 1782 1206 1853 jam
1246 1777 1488 1835 bannito
1513 1823 1530 1852 ‚
1578 1789 1686 1834 aut
1728 1778 1793 1833 in
1880 1773 2095 1851 Quid-in

188 1857 596 1913 contumaciam
631 1854 914 1911 damnato
941 1848 1012 1911 εἶτ
1047 1876 1237 1919 causa
1261 1853 1591 1913 Homicidii
1618 1874 1790 1931 supe.-
1814 1846 2094 1892 ennam·

191 1931 286 1988 n'us
313 1931 537 2007 excepti
561 1977 578 2005 ‚
628 1932 748 1990 sive
780 1932 966 1987 Laico
992 1976 1010 2003 ,
1047 1932 1166 1990 sive
1198 1932 1617 1995 Ecclesiastico
1653 1951 1792 2009 age·
1816 1925 1914 2026 3532
1926 1914 1981 1959 θ’·
1998 1914 2101 1957 ²¹¹·

193 2006 268 2063 iar
280 2049 294 2077 ,
331 2006 578 2087 quilibet
600 2006 795 2069 Iudex
832 2007 1285 2065 Ecclesiasticus
1300 2052 1317 2081 ‚
1347 2017 1417 2065 ut
1444 2006 1792 2085 proefirtur,
1817 1991 2019 2093 5:¹12?ss
2046 2046 2099 2091 et

194 2096 493 2161 competens
514 2128 532 2157 ‚
578 2082 666 2139 ad
694 2082 888 2157 illius,
937 2084 1115 2141 Laici
1163 2084 1479 2159 nimirum,
1536 2086 1793 2145 instante
1816 2076 2054 2160 dgmmt'i

187 2158 349 2223 caria
377 2160 646 2218 Seculari
658 2205 676 2233 ,
691 2170 751 2215 et
767 2158 1004 2234 Clerici,
1035 2180 1107 2217 ex
1127 2158 1330 2239 (fflicio
1349 2206 1366 2234 ‚
1382 2158 1794 2218 extructionem
1816 2176 1833 2225 i
1840 2192 1873 2226 n
1912 2180 2096 2227 contu.

195 2234 253 2291 ab
279 2237 551 2294 Ecclesia
569 2276 590 2303 ,
612 2236 802 2294 locove
827 2236 1109 2309 immuni,
1148 2256 1288 2293 curn
1320 2237 1649 2299 interventu
1702 2257 1799 2294 uo-
1820 2243 2053 2294 muciam.

196 2332 310 2387 quae
335 2332 610 2389 personoe
669 2312 1106 2376 Ecclesiasticce
1153 2310 1230 2367 ab
1280 2312 1499 2386 Episco
1538 2333 1572 2368 o
1623 2260 1800 2389 dgpu-

196 2388 374 2447 tandae
389 2434 406 2463 ,
433 2410 510 2446 ac
543 2388 917 2445 traditionem
953 2408 1061 2457 suo
1105 2388 1409 2461 respective
1486 2387 1679 2461 adici,
1730 2389 1803 2445 si-

198 2475 280 2520 cut
307 2486 436 2523 mox
466 2464 816 2541 dispositum
855 2474 974 2537 est,
989 2461 1348 2541 faciendam
1366 2463 1649 2538 procedat
1677 2487 1696 2520 .·
1721 2482 1805 2521 so-

337 2562 406 2597 ue
447 2541 758 2599 sententioe
807 2538 1255 2597 contumacialis
1287 2583 1307 2612 ‚
1363 2549 1423 2594 et
1480 2550 1742 2596 actorum
1784 2585 1801 2613 ‚

199 2637 230 2691 q
275 2617 288 2629 '
317 2638 384 2673 us
417 2618 527 2675 illa
540 2616 854 2694 fundatur
876 2661 893 2689 ,
943 2614 1358 2672 exluhitionem
1392 2612 1481 2671 ad
1512 2614 1624 2671 hoc
1650 2614 1807 2693 suffi-

199 2708 306 2748 cere
334 2693 700 2751 decemimus
717 2738 734 2766 ‚
783 2703 852 2749 ut
875 2690 1068 2749 dictus
1114 2690 1310 2749 Iudex
1354 2691 1809 2749 Ecclesiasticus

199 2786 260 2823 ex
291 2770 518 2827 illorum
561 2769 913 2845 inspectione
942 2768 1257 2825 dumtaxat
1404 2768 1481 2823 ito
1502 2810 1515 2837 ,
1558 2786 1705 2823 num
1738 2767 1809 2822 is·

201 2844 456 2902 tiusmodi
504 2846 809 2903 Sententia
851 2844 1297 2901 contumacialis
1372 2844 1579 2922 gitime
1600 2888 1616 2917 ,
1626 2844 1811 2917 juste·

199 2940 300 2995 que
319 2923 555 2999 prolata
589 2923 666 2979 sit
703 2920 790 2977 ad
802 2919 1076 2998 formam
1116 2920 1605 2978 constitutionum
1652 2918 1812 2995 Apo-

191 2996 553 3071 'stolicarum‚'
635 2998 976 3054 ronunciare
997 3043 1014 3070 ‚
1057 3008 1116 3053 et
1157 2996 1453 3053 declarare
1495 3005 1708 3075 queat,
1754 3007 1814 3051 et

201 3070 391 3131 debeat
410 3120 425 3149 ,
469 3094 556 3131 an
625 3075 901 3147 (inuitus,
959 3084 1020 3129 et
1061 3074 1124 3129 in
1165 3075 1599 3130 contumaciam
1640 3071 1808 3128 dam-

201 3160 364 3207 natus
395 3150 836 3229 consignandas
871 3150 1080 3207 veniat
1097 3195 1112 3222 ‚
1155 3154 1263 3205 nec
1304 3170 1376 3205 ne
1400 3148 1432 3206 Ρ
1462 3150 1679 3207 exactis
1690 3169 1814 3223 pa-

203 3225 356 3297 riter,
383 3223 440 3283 et
465 3228 706 3303 receptis
726 3273 742 3300 ‚
784 3236 1076 3305 quatenus
1098 3227 1499 3305 consignetur,
1527 3246 1568 3281 a
1608 3224 1813 3282 Iudice

201 3301 451 3359 &autari
473 3308 817 3379 juramento
836 3348 852 3376 ‚
881 3304 935 3359 si
957 3302 1004 3359 d
1032 3303 1305 3381 linquens
1342 3303 1421 3359 sit
1453 3302 1677 3359 Laicus
1696 3348 1712 3374 ‚
1738 3300 1814 3358 ab

203 3378 605 3439 Ecclesiastico
664 3398 802 3437 vero
824 3424 840 3454 ‚
889 3380 943 3436 si
986 3377 1182 3456 suerit
1224 3378 1479 3439 Clericus
1506 3424 1523 3457 ‚
1557 3380 1813 3455 promis·-
