2434 3992
697 211 1144 277 Bou-Ammoi.
1618 237 1642 280 1
1656 239 1690 303 7
1710 240 1730 281 1

142 318 395 390 nuribus,
435 314 711 392 specialis
735 364 751 387 ‚
801 318 1080 394 specifica
1108 363 1124 391 ‚
1173 338 1448 395 expressa
1478 366 1495 393 ‚
1536 331 1599 380 et
1642 324 1733 379 in·
1794 335 2002 391 Anno

141 396 390 468 dividua,
422 413 490 451 ac
507 392 584 451 de
601 394 794 453 verbo
826 396 905 453 ad
923 395 1178 453 verbum
1199 440 1216 467 ,
1245 415 1367 453 non
1401 406 1606 454 autem
1626 416 1737 472 per
1832 396 1976 467 1744.

141 468 404 529 clausulas
437 468 750 544 generales
788 471 950 529 idem
977 473 1412 547 imponantes,
1457 476 1692 532 mentio
1718 518 1735 545 ,

143 568 220 605 seu
255 548 477 622 quaevis
511 544 662 603 alias
693 547 996 621 expressio
1031 546 1315 605 habenda
1340 593 1355 617 ‚
1402 559 1511 607 aut
1532 546 1737 625 aliqua

141 622 230 681 alia
277 622 570 698 exquisita
619 621 817 681 forma
869 622 948 681 ad
999 620 1114 679 hoc
1171 622 1472 683 servanda
1530 623 1691 683 foret
1716 669 1733 697 ‚

143 710 347 757 tenores
389 697 745 774 hujusmodi
771 742 784 765 ‚
810 718 880 761 ac
919 698 968 755 si
998 697 1075 755 de
1103 697 1298 759 verbo
1338 697 1416 755 ad
1444 698 1733 771 verbum,

144 773 263 832 nihil
299 775 546 849 penitus
586 774 804 831 omisso
832 818 847 843 ‚
896 782 958 832 et
1000 773 1200 842 forma
1254 774 1322 830 in
1361 771 1481 832 illis
1506 775 1736 834 tradita

142 850 421 909 observata
445 894 462 921 ‚
506 850 994 924 exprimerentur
1018 893 1034 917 ‚
1066 850 1510 908 ¹insererentur
1530 895 1545 922 ‚
1583 868 1732 925 prae-

143 926 377 983 sentibus
407 945 524 999 pro
571 923 753 1001 plene
779 966 792 991 ‚
840 936 904 985 et
935 922 1307 983 sufficienter
1323 944 1390 982 ex
1435 928 1646 999 ressis‚
1675 938 1739 985 et

143 1003 340 1059 insertis
379 1000 716 1073 habentes,
743 999 862 1060 illis
902 999 1052 1060 alias
1081 1002 1145 1059 in
1175 1020 1287 1059 suo
1335 1020 1409 1059 ro
1456 1021 1564 1060 ore
1596 1021 1739 1077 per-

145 1076 408 1137 mansuris
427 1121 446 1153 ,
498 1076 578 1136 ad
601 1078 1054 1153 praemissorum
1089 1075 1376 1135 effectum
1398 1120 1417 1149 ‚
1459 1075 1575 1136 hac
1603 1079 1742 1137 vice·

144 1152 424 1215 dumtaxat
465 1152 813 1230 specialiter
841 1198 861 1227 ‚
907 1164 968 1213 et
1015 1172 1291 1227 expresse
1337 1150 1699 1229 derogamus
1717 1198 1734 1227 ‚

140 1233 450 1309 caterisque
491 1231 817 1291 contrariis
851 1228 1363 1306 quibuscumque.

192 1304 238 1385 S.
270 1326 327 1367 2.
369 1301 675 1371 Volumus
733 1318 936 1365 autem
993 1314 1064 1363 ut
1104 1302 1287 1381 lapsis
1329 1304 1727 1379 vigintiquin-
1796 1312 2033 1366 Publica.

141 1402 230 1457 que
261 1382 476 1444 diebus
495 1428 510 1455 ‚
543 1382 899 1459 postquam,
923 1391 1247 1456 praesentes
1269 1378 1459 1441 literae
1491 1400 1603 1455 per
1622 1378 1729 1439 do·
1756 1380 1917 1432 tionis
1956 1382 2032 1433 ef-

139 1461 396 1534 minium,
447 1469 512 1517 et
549 1458 810 1517 ditiones
847 1457 1166 1532 praedictas
1198 1478 1311 1533 per
1366 1458 1732 1517 ordinarios
1756 1448 1955 1511 fectus,
1982 1455 2037 1498 οἵ

139 1531 379 1595 locorum
415 1532 752 1611 publicatae.
783 1533 1020 1592 fuerint
1043 1578 1060 1607 ,
1103 1550 1315 1593 omnes
1356 1543 1420 1594 et
1463 1532 1731 1609 singulos
1754 1514 2023 1580 ⁶³⁶¹²¹P¹⁰‘

138 1610 186 1667 ia
219 1612 484 1673 dominio
520 1656 540 1685 ,
592 1621 655 1670 et
689 1607 1028 1669 ditionibus
1073 1608 1378 1683 praedictis
1408 1610 1733 1669 existentes
1756 1595 2033 1697 “cm-35⁸³

137 1688 356 1760 perinde
383 1696 628 1748 arctent
650 1732 667 1761 ,
707 1706 780 1744 ac
801 1687 851 1743 si
890 1685 1224 1761 unicuique
1268 1704 1484 1743 eorum
1524 1704 1729 1759 perso·
1753 1664 1781 1698 ο
1808 1663 1889 1698 οη
1974 1676 1992 1696 ’

137 1760 356 1839 naliter,
383 1784 459 1825 ac
476 1762 843 1823 nominatim
875 1760 1172 1819 intimatae
1203 1759 1502 1835 fuissent3
1541 1770 1737 1835 utque

137 1840 456 1901 earumdem
491 1839 885 1915 praesentium
925 1834 1250 1896 literarum
1283 1838 1685 1909 transumptis
1716 1881 1735 1909 ‚

137 1934 220 1974 seu
247 1914 524 1993 exemplis
558 1960 575 1986 ‚
634 1916 821 1973 etiam
856 1913 1194 1987 impressis,
1239 1930 1428 1971 manu
1476 1909 1736 1988 alicujus

137 1996 338 2053 Notarii
389 1989 626 2069 publici
687 1989 1043 2063 subscriptis
1061 2029 1078 2063 -‚
1111 2000 1180 2049 et
1220 1986 1421 2065 sigillo
1458 2006 1742 2064 persona

137 2069 185 2126 in
219 2068 630 2129 Ecclesia-stica
684 2067 996 2141 Dignitate
1042 2067 1394 2126 constitute
1430 2064 1734 2135 munitis.;

136 2143 314 2205 eadem
343 2164 600 2223 prorsus
640 2142 790 2201 fides
828 2144 896 2201 in
941 2142 1178 2201 Judicio
1201 2187 1224 2217 ‚⁶
1253 2153 1317 2201 et
1354 2150 1527 2201 extra
1555 2140 1729 2205 adhi-

131 2219 356 2297 heatur,
485 2242 535 2281 ω
589 2219 738 2295 ipsis
811 2217 1166 2277 raesentibus
1209 2216 1645 2293 adhiberetur,
1680 2218 1733 2277 si

131 2296 308 2358 forent
335 2317 406 2357 ex
457 2296 623 2356 ibi-tae
643 2337 661 2366 ,
689 2315 766 2357 ve
828 2305 1102 2355 ostensae.
1562 2333 1571 2345 ·
1672 2328 1677 2333 ·

189 2378 403 2433 Datum
449 2378 658 2433 Romae
707 2371 872 2448 apud
923 2374 1206 2429 Sanctam
1250 2368 1729 2447 Mariam-Majo-
1786 2404 1891 2454 Dat
1950 2404 2034 2457 die

131 2468 240 2507 rem
276 2450 390 2509 sub
429 2447 684 2510 Annulo
728 2448 1044 2507 Piscator-is
1072 2445 1180 2503 sdie
1234 2464 1399 2505 xxw.
1455 2448 1837 2535 Januarii24,
1880 2439 1999 2521 im,
2048 2496 2055 2505 .

131 2529 538 2591 MDGCXLIV.
561 2525 954 2585 Pontificatus
977 2522 1385 2611 NostriAnno
1404 2523 1515 2582 IV.
1700 2572 1706 2577 ,
1761 2536 1907 2606 ,744.
2030 2532 2043 2541 ”

639 2697 644 2701 .
706 2644 798 2702 D.
827 2619 1028 2715 ζΟὶινᾶ.
1075 2638 1469 2723 Passionem.

185 2761 411 2819 Similia
453 2760 704 2819 Indulta
754 2759 974 2817 eodem·
989 2754 1128 2836 sere
1166 2717 1428 2835 exemplo
1464 2718 1736 2830 expedita

113 2834 348 2908 suerunt
365 2860 483 2917 -pro
506 2838 644 2895 ah'is
667 2837 936 2893 'aliorum
963 2835 1350 2911 Principum,
1383 2843 1440 2889 et
1474 2833 1730 2892 Remm-

110 2912 466 2985 publieamm
507 2911 874 2972 Ditionihus.
1043 2932 1049 2939 ·
1678 2934 1691 2947 ²

1280 3487 1458 3579 Ha.
