2434 3992
684 164 1136 233 nummum.
1509 226 1514 229 .
1606 167 1723 233 241

120 272 500 350 gredientun
552 270 783 350 absque
830 271 1189 335 alterutrius
1231 270 1547 335 mandato.
1601 281 1736 351 Quo
1793 288 1836 343 Α
1857 302 1997 343 rao

126 359 385 425 recepto,
434 358 765 426 autequam
805 349 883 409 ad
920 349 1364 427 expeditionem
1391 351 1737 412 Literarum
1831 353 1974 421 1744.

124 424 389 502 partibus
417 423 858 485 tradendarum
882 444 1131 504 quoquo
1161 428 1344 487 modo
1360 427 1700 502 procedant
1717 474 1734 501 ‚

128 501 587 580 snpplicationes
615 522 722 562 seu
764 504 1031 565 Minutas
1070 522 1253 579 super
1293 505 1593 577 materiis,
1626 504 1737 564 ubi

129 578 231 638 illis
266 598 420 656 opus
454 580 575 639 erit
594 624 611 651 ‚
651 598 763 655 per
788 588 1104 654 extensum
1144 598 1393 659 exarare
1431 580 1735 655 debeant,

130 677 159 715 a
178 660 537 715 Correctore
576 655 1111 730 recognoscendas.
1155 659 1232 715 In
1257 654 1738 731 expeditionibus

132 742 319 791 autem
361 729 743 807 quibuslibet
778 730 1177 795 extendendis
1205 774 1222 802 ‚
1259 742 1466 791 exacta
1505 732 1735 791 unifor-

134 811 293 869 mitas
344 828 634 867 sensuum
670 853 688 879 ‚
738 818 806 866 et
852 804 1272 871 clausularum
1302 852 1319 880 ‚
1415 808 1572 866 uoad
1609 808 1742 868 fieri

136 886 343 960 poterit
359 928 377 959 ,
396 905 437 943 a
460 882 711 960 singulis
732 883 1114 947 observetur.
1144 891 1380 959 Quamo
1425 904 1554 943 rem
1577 904 1739 944 sum-

138 981 365 1039 mopere
386 961 692 1021 conducet
723 958 1017 1021 formulas
1050 960 1281 1021 babere
1312 980 1440 1036 prae
1466 960 1745 1021 manibus

138 1059 232 1098 suo
254 1056 562 1115 quamque
582 1038 790 1113 generi
821 1040 1190 1114 petitionum
1215 1036 1700 1097 accommodatas
1727 1082 1745 1109 ,

140 1125 194 1173 et
234 1136 271 1173 a
312 1114 527 1191 Maiori
578 1114 1033 1176 Poenitentiario
1068 1154 1085 1184 ‚
1146 1134 1308 1176 cum.
1347 1112 1604 1173 consilio
1647 1134 1749 1173 sex

144 1197 423 1268 maiorum
475 1187 839 1255 officialium
891 1190 1170 1267 superius
1229 1200 1704 1251 memoratorum
1728 1235 1747 1261 ‚

144 1269 293 1342 prius
338 1266 817 1343 comprobatas3
876 1288 915 1325 a
970 1266 1195 1345 quibus
1226 1310 1244 1337 ,
1297 1268 1413 1325 nisi
1463 1286 1534 1325 ex
1576 1268 1748 1341 gravi

146 1364 303 1404 causa
324 1364 437 1420 per
462 1348 751 1420 Maiorem
777 1344 1306 1405 Poenitentiarium
1328 1387 1344 1415 ‚
1377 1340 1476 1403 vel
1513 1347 1744 1419 Regen-

148 1430 253 1480 tem
294 1420 552 1479 admissa
579 1464 597 1493 ,
646 1416 995 1481 nullatenus
1044 1418 1330 1480 recedere
1385 1420 1748 1497 supradictis

148 1496 625 1557 Procuratoribus
664 1495 867 1555 liceat.

207 1572 259 1651 §-
307 1590 399 1652 19·
438 1574 771 1649 Scriptores
790 1571 1039 1633 demum
1057 1616 1071 1643 ,
1098 1593 1272 1649 aequa
1287 1572 1750 1635 scribendarum
1856 1575 2050 1627 unnu-

152 1670 336 1713 rerum
356 1649 659 1709 divisione
676 1651 841 1709 inter
858 1668 961 1709 eos
977 1648 1139 1709 facta
1156 1690 1173 1713 ‚
1194 1648 1548 1709 charactere
1559 1670 1717 1727 puro
1734 1691 1750 1719 ‚
1772 1644 2000 1709 Scripto-

152 1724 329 1799 claro‚
366 1736 433 1785 et
464 1727 713 1785 minime
750 1724 1040 1791 deformi,
1089 1726 1248 1785 etin
1287 1727 1396 1797 iis,
1440 1728 1504 1785 in
1535 1726 1755 1802 quibus
1775 1726 1914 1763 ΜΨ·

156 1801 206 1863 id
240 1804 421 1863 moris
456 1812 547 1861 est
571 1847 588 1875 ,
630 1803 909 1879 Antiqua
934 1846 951 1873 ‚
992 1802 1159 1875 sive,
1189 1811 1264 1861 ut
1307 1806 1514 1879 ajunt,
1554 1800 1754 1862 Bulla·

157 1880 303 1949 tico,
338 1878 553 1939 eodem
590 1888 797 1939 tamen
836 1897 1023 1953 quam
1058 1878 1318 1937 maxime
1353 1875 1756 1958 intelligibili,

159 1954 531 2017 demandatas
578 1954 695 2013 sibi
746 1955 1001 2016 Litteras
1040 1963 1328 2021 accurate
1347 1998 1363 2025 ,
1401 1956 1760 2031 integreque

159 2030 489 2091 describant
512 2074 529 2102 ,
594 2030 927 2108 liturasque
986 2030 1292 2107 quaslibet
1346 2043 1456 2091 aut
1516 2051 1758 2093 rasuras

158 2108 571 2185 perdiligenter
607 2118 888 2169 caveant.
942 2110 1135 2167 Iidem
1175 2110 1241 2167 in
1283 2105 1472 2169 libros
1519 2128 1626 2169 seu
1663 2128 1757 2169 re·
1817 2152 1824 2157 -

162 2197 303 2260 gesta
324 2185 596 2254 referant
616 2230 631 2255 ‚
704 2204 793 2243 uae
814 2184 956 2260 ipsis
980 2184 1297 2243 dabuntur
1313 2184 1386 2243 co
1403 2185 1758 2259 referenda.3
1777 2216 1789 2227 ν

164 2261 424 2321 videlicet
483 2264 685 2321 Oracu
714 2280 747 2321 a
774 2306 790 2333 ‚
849 2262 899 2319 si
938 2278 1061 2341 qua
1110 2262 1492 2330 emanarint,
1537 2266 1764 2321 Roma·-

164 2358 365 2397 norum
409 2336 816 2412 Pontificum3
872 2341 1126 2394 Decreta
1152 2381 1171 2408 ‚
1216 2345 1282 2395 et
1325 2340 1796 2398 Instructiones-

166 2415 387 2491 Maioris
430 2413 879 2473 poenitentiarii
912 2456 931 2485 ‚
980 2420 1043 2471 et
1076 2413 1448 2487 Signaturae,
1494 2416 1765 2489 regimen

166 2500 389 2551 secretae
425 2490 892 2549 Poenitentiariae
935 2488 1408 2563 concernentia3
1451 2488 1762 2549 resolutio·-

168 2586 257 2626 nes
286 2562 363 2627 ali
454 2577 524 2625 ot
563 2564 929 2642 exemplares
962 2584 1141 2625 casus
1180 2562 1438 2641 alicujus
1475 2567 1722 2624 rarioris
1749 2611 1765 2635 ‚

170 2654 221 2702 et
261 2645 383 2719 imp
406 2643 663 2717 exioris3
716 2638 1195 2718 supplicationes
1243 2659 1428 2715 super
1465 2640 1784 2718 dispensa->

172 2719 419 2792 tionibus
450 2764 467 2791 ,
512 2720 847 2795 praesertim
891 2714 1443 2777 matrimonialibus
1471 2762 1487 2789 ‚
1533 2738 1570 2776 a
1607 2738 1768 2777 com-

172 2798 322 2855 muni
370 2816 557 2855 cursu
595 2793 1019 2855 recedentibus
1042 2838 1059 2867 ,
1104 2814 1211 2853 seu
1253 2813 1368 2870 pro
1411 2794 1545 2853 foro
1588 2795 1775 2854 etiam

91 2914 94 2940 ᾖ
175 2882 399 2932 externo
441 2870 521 2932 de
554 2868 800 2948 speciali
840 2872 1102 2931 Romani
1141 2870 1448 2931 Pontificis
1486 2870 1775 2930 mandato

93 2954 95 2961 '
177 2949 487 3025 concessi83
537 2960 599 3008 et
634 2950 685 3017 si
736 2946 884 3024 quid
921 2946 1089 3011 aliud
1125 2946 1677 3011 extraordinarium
1715 2958 1778 3007 et
2007 3014 2020 3027 ‚

95 3022 97 3053 ⁵
177 3022 489 3101 singulare,
533 3026 945 3101 memoriaque
982 3022 1269 3099 dignum,
1297 3026 1383 3084 ita
1411 3043 1774 3085 conservan·
1853 3014 2075 3093 ome¹¹!-

179 3100 307 3160 dum
340 3100 677 3163 videbitur.
1802 3084 1876 3162 ¹⁸?
1895 3083 2075 3159 P‘aedff·

237 3174 287 3253 S.
326 3196 422 3237 20.
466 3181 697 3239 Omnes
718 3197 869 3239 vero
895 3173 1195 3237 officiales
1215 3176 1550 3253 supradicti
1567 3174 1778 3237 Officia
1797 3147 2108 3269 ξξιιοίξῗζ

180 3271 275 3311 sua
300 3273 407 3329 per
440 3274 505 3313 se
530 3258 690 3331 ipsos
722 3256 981 3313 maxima
1003 3251 1317 3327 diligentia
1338 3298 1354 3326 ‚
1397 3263 1460 3313 et
1490 3252 1818 3335 fidelitatei
1883 3234 1978 3334 σεε
1993 3298 2078 3333 ex-

184 3342 500 3391 exerceant.
540 3331 662 3391 Soli
696 3342 903 3391 autem
937 3338 1262 3407 praesentes
1279 3368 1300 3396 ,
1351 3340 1414 3388 et
1445 3340 1588 3390 actu
1618 3350 1778 3391 exer·
1801 3300 1971 3403 03⁸oeoe
1993 3350 2082 3417 a„

182 3416 367 3539 εειᾶἱεε
390 3449 407 3478 ,
442 3408 683 3542 {linctus
719 3418 782 3469 et
810 3412 1224 3469 emolumenta
1257 3406 1636 3545 percilpiann
1665 3410 1784 3471 nisi
1803 3419 1946 3473 beat.

321 3502 400 3543 m.
513 3524 531 3544 .
