2434 3992
800 96 1245 178 BULLAnmm.
1706 102 1832 179 525

204 216 326 289 q'uae
363 218 770 293 praesentibus
807 217 1119 280 adversari
1154 213 1652 293 conspiciantur,
1694 221 1832 297 pari
1885 230 2096 289 Anno·

198 288 541 368 Apostolica
586 296 948 357 auctoritate
989 291 1406 383 approbantes
1431 334 1450 359 ,
1499 304 1562 353 et
1603 296 1827 386 confir·
1914 294 2059 366 1744·

198 379 420 429 mantes
450 394 469 447 3
512 392 754 432 necnon
779 418 796 446 ,
842 380 1095 431 attentis
1130 388 1360 428 unione
1386 416 1403 442 ,
1444 390 1787 433 annexione
1807 418 1824 447 ,

197 448 253 503 et
290 447 791 523 incorporatione
832 449 1156 523 utriusque
1200 445 1430 506 Militiae·
1470 449 1779 523 praedictae
1807 492 1824 521 ,

194 536 291 595 per
322 523 581 585 eosdem
621 525 985 601 Gregorium
1007 568 1025 597 ,
1061 531 1125 581 et
1166 520 1547 603 Clementem
1584 526 1819 587 Praede·

194 612 474 673 cessores,
517 612 593 662 ut
624 602 982 679 praefertur,
1024 592 1239 672 factis,
1282 597 1637 676 hujusmodi
1673 622 1817 663 cou-

194 676 549 751 cessionem,
589 689 653 738 et
685 675 1041 739 facultatem
1077 676 1266 734 etiam
1293 676 1496 752 quoad
1541 676 1821 739 Militiam

194 753 242 807 S.
279 752 591 828 Mam-itii,-
630 765 936 833 quatenus
974 764 1130 829 opus
1170 753 1290 822 sit,
1333 750 1712 827 specialiter,
1760 764 1824 814 et

194 846 449 903 expresse
498 831 939 905 extendente85
968 841 1031 890 et
1062 826 1481 909 *ampliantes3
1519 829 1817 907 supplica·

196 904 451 965 tionibus
489 902 801 985 praedictis
832 905 1147 978 inclinati,
1183 903 1673 983 quibuscumque
1712 912 1815 967 Pa·
1874 917 2116 985 Indulget

196 983 369 1041 tronis
436 986 675 1058 Laicis,
732 996 1173 1061 quaecumque,
1229 992 1650 1058 quotcumque
1683 1028 1698 1056 ,
1758 995 1819 1044 et
1841 986 2102 1064 probngio-

229 1054 655 1137 ualiacumque
689 1059 997 1138 Simplicia
1047 1056 1818 1141 BeneficiaEcclesiastica
1838 1068 1932 1104 ¹²⁸⁸
1961 1122 1971 1133 ,
2005 1069 2062 1103 ¹¹¹

197 1076 257 1191 :le
302 1154 523 1196 eorum
573 1140 906 1214 respective
945 1140 1460 1219 Jur'epatronatus
1499 1133 1698 1195 laicali
1745 1119 2074 1237 exP⁸‘}¹b!²⁸

195 1207 542 1272 fundatione
578 1226 643 1274 et
668 1214 989 1274 dotatione
1032 1212 1380 1284 existentia,
1409 1216 1471 1270 et
1495 1211 1816 1289 personale
1835 1203 2031 1305 {383¹
2063 1220 2082 1253 ’

198 1288 495 1348 servitium
545 1290 610 1350 in
653 1288 1128 1351 cathedralibus
1149 1330 1164 1356 ‚
1196 1297 1261 1346 et
1304 1286 1654 1364 Collegiatis
1705 1296 1810 1351 Ec·
1833 1320 2118 1373 Nuntio&

196 1358 365 1423 clesiis
408 1386 540 1426 non
571 1368 985 1444 requirentia,
1017 1368 1082 1425 in
1119 1366 1585 1441 Praeceptorias,
1629 1372 1807 1427 Co'm·
1833 1387 2118 1460 poetolieo,

196 1439 424 1499 mendas
445 1487 463 1511 ,
502 1441 857 1519 CappellaS,
896 1453 1007 1503 aut
1033 1440 1329 1501 Ecclesias
1363 1441 1540 1502 dictae
1584 1443 1811 1505 Militiae
1833 1456 1944 1512 sive
1979 1462 2079 1507 etc.

195 1514 543 1576 Sanctorum
583 1519 856 1578 Mauritii
900 1529 964 1577 et
992 1518 1228 1591 Lazari,
1270 1537 1382 1593 per
1415 1518 1651 1580 dictum
1692 1526 1810 1581 Ca-

193 1588 374 1651 mlum
432 1591 901 1653 Emmanuelem
942 1597 1205 1667 Regem,
1254 1602 1317 1649 et
1369 1613 1486 1667 pro
1534 1604 1813 1674 tempore

192 1666 536 1728 existentem
575 1668 890 1729 Sabaudiae
932 1673 1162 1727 Ducem
1189 1711 1205 1739 ,
1249 1675 1313 1725 et
1358 1672 1648 1743 Magnum
1689 1678 1809 1732 Ma·

190 1741 426 1813 gistrum
461 1744 734 1821 ejusdem
780 1741 1008 1805 Militiae
1054 1742 1417 1802 Sanctorum
1448 1746 1814 1807 Mauritii'et

188 1818 372 1878 Lazari
403 1864 420 1892 ‚
463 1820 530 1879 in
578 1823 705 1883 vim
745 1819 1055 1880 facultatis
1094 1817 1400 1895 praedictae
1433 1820 1585 1897 erigi
1617 1832 1677 1881 et
1718 1824 1807 1882 in·

186 1895 337 1954 stitui
382 1898 781 1973 cupientibus
822 1906 884 1957 et
962 1894 1406 1971 reponentibus
1441 1942 1457 1969 ,
1515 1907 1625 1957 aut
1679 1919 1809 1959 ere-

186 1970 352 2031 ctioni
401 1983 465 2033 et
514 1974 893 2034 institutioni
916 1917 1277 2050 buiusmodi
1309 1974 1656 2034 consentire
1701 1996 1806 2037 vo·

180 2041 433 2108 lentibus
455 2095 472 2127 ,
506 2061 577 2110 ut
609 2052 721 2128 ipsi
750 2050 812 2109 in
837 2060 1150 2127 posterum
1184 2047 1262 2107 de
1282 2066 1498 2110 eorum
1527 2050 1804 2128 iuribus,

180 2122 249 2180 eis
275 2168 291 2195 ,
328 2135 403 2184 ut
439 2126 773 2203 praefertur
800 2172 817 2200 ,
858 2144 929 2185 ex
970 2124 1332 2183 fundatione
1369 2133 1433 2184 et
1486 2126 1806 2191 dotatione

178 2202 659 2277 competentibus
686 2223 799 2279 per
818 2198 1067 2277 publica
1098 2198 1464 2259 documenta
1486 2243 1501 2272 ,
1532 2224 1653 2263 non
1694 2226 1799 2265 au-

173 2282 279 2333 tem
312 2297 430 2354 per
474 2277 599 2359 alia
633 2278 1078 2356 probationum
1102 2294 1358 2350 genera,
1393 2296 1600 2337 coram
1637 2282 1804 2342 Sedis

169 2352 209 2406 A
288 2352 527 2417 stolicae
553 2356 792 2416 Nuncio
819 2351 984 2430 apud
1027 2352 1426 2413 Carissimum
1457 2352 1520 2412 in
1553 2354 1803 2419 Christo

162 2369 375 2489 Fitiibm
393 2436 699 2493 Nostrum
726 2427 1019 2491 Carolum
1038 2425 1499 2503 Emmanuelem
1514 2430 1806 2493 Sardiniae

162 2501 374 2578 Regem
421 2507 797 2587 praedictum
816 2552 833 2579 ‚
880 2503 1279 2641 elusdemque
1317 2504 1382 2562 in
1421 2508 1662 2565 Ducatu
1702 2511 1802 2567 Sa-

160 2572 389 2643 baudiae
434 2597 505 2645 et
562 2591 783 2660 Magno
830 2584 912 2643 Mi
940 2583 1061 2641 itiae
1098 2580 1408 2658 praedictae
1448 2583 1804 2657 magistratu

158 2654 546 2722 successores
568 2706 585 2735 ,
620 2681 734 2737 pro
781 2670 1059 2736 tempore
1109 2665 1563 2734 commorante,
1609 2678 1804 2735 eoque

158 2726 436 2812 absente,
492 2757 708 2797 coram
750 2756 864 2814 pro
908 2747 1184 2813 tempore
1231 2734 1525 2794 existente
1553 2733 1802 2797 Archie-

157 2805 395 2887 piscopo
425 2816 775 2875 Taurineu.
794 2858 812 2887 ,
834 2812 1134 2873 ambobus
1153 2831 1306 2873 vero
1331 2810 1758 2872 deficientibus
1778 2859 1794 2883 ‚

161 2897 356 2947 coram
404 2892 718 2955 viciniore
742 2890 1039 2967 Episcopo
1064 2934 1082 2963 ,
1120 2888 1198 2947 ad
1231 2888 1677 2965 praemissorum
1711 2888 1794 2947 ef-

158 2955 374 3025 fectum
398 3008 415 3036 ,
452 2969 683 3029 docere
724 2977 788 3028 et
832 2977 1114 3027 constare
1146 2964 1354 3024 facere
1392 2962 1588 3023 libere
1616 2974 1679 3025 et
1719 2962 1792 3024 li-

172 3034 274 3095 cite
314 3046 564 3116 possint
620 3052 681 3103 et
729 3042 1010 3116 valeant,
1068 3040 1235 3101 dicta
1279 3037 1629 3118 Apostolica
1667 3045 1794 3101 Au-

171 3115 443 3181 ctoritate
464 3167 483 3195 ,
531 3119 886 3180 earumdem
940 3129 1154 3178 tenore
1190 3118 1582 3194 praesentium
1604 3160 1620 3189 ,
1653 3136 1790 3193 per-

170 3198 341 3256 Wtuo
396 3196 797 3257 concedimus
844 3206 909 3255 et
962 3192 1387 3270 indulgemus;
1443 3191 1794 3269 eisdemque

186 3277 279 3331 1)Ρο
301 3277 577 3352 tempore
611 3270 1006 3334 existentibus
1026 3269 1192 3331 Sedis
1223 3268 1590 3347 Apostolicae
1620 3272 1787 3330 Nun·

186 3337 295 3419 tio,
332 3357 395 3409 et
436 3353 773 3413 Taurinen.
822 3346 1298 3428 Archiepiscopo
1315 3392 1334 3423 ,
1383 3357 1444 3411 et
1491 3346 1792 3427 Episcopo
