2434 3992
731 156 1190 229 Buznsmtm.
1652 196 1775 266 209

643 528 1261 627 FACULTATES
1786 638 1793 644 ,
1840 551 2005 606 xcv.

161 684 376 775 Majoris
417 690 892 779 Poenitentiarii,
940 720 1000 771 et
1040 704 1246 790 Officii
1276 706 1762 785 Poenitentiariae.

183 879 197 886 ’
263 858 945 987 BENEDI'CTUS
1027 900 1615 999 EPISCOPUS

491 1086 758 1161 SERvus
810 1094 1196 1171 SERVORUM
1249 1102 1393 1175 Dm

436 1258 552 1317 Ad
570 1276 926 1339 perpetuam
956 1272 1041 1327 rei
1059 1277 1443 1339 *memoriarm
1494 1301 1501 1305 ·

157 1359 407 1493 PASTOR
425 1434 626 1497 bonus
645 1439 929 1504 Christus
947 1450 1243 1511 Dominus
1261 1452 1339 1511 ad
1366 1456 1759 1529 quaerendam
1822 1531 1833 1542 ι
1862 1464 2022 1515 Exor-

155 1505 346 1583 Ovem‚
387 1533 520 1589 quae
559 1519 856 1591 perierat,
889 1544 920 1581 a
963 1530 1141 1587 Patre
1179 1530 1392 1589 missus
1418 1578 1433 1605 ,
1468 1554 1659 1609 quum
1686 1554 1758 1596 ea
1778 1530 1947 1612 dmm,-
1989 1600 2001 1611 ,

153 1597 352 1657 reperta
373 1636 390 1661 ‚
418 1602 604 1669 atque
635 1594 909 1672 humeris
950 1604 1074 1677 suis
1099 1608 1413 1682 imposita,
1441 1610 1504 1669 in
1535 1609 1757 1672 coelum
1802 1598 2055 1717 Ph'ffl'l'*

152 1678 390 1724 reversus
423 1668 618 1729 fuerit
638 1718 653 1743 ‚
679 1674 958 1735 Vicat-ios
985 1684 1186 1755 operis
1217 1686 1312 1742 sui
1330 1730 1346 1755 ,
1375 1684 1597 1760 quibus
1617 1693 1753 1749 uni-
1779 1669 2059 1784 ῃῗοηξζζ.

149 1742 275 1798 versi
316 1748 512 1822 gregis
546 1753 747 1823 pretio
789 1772 1008 1829 magno
1037 1758 1152 1817 sibi
1189 1763 1453 1836 coempti
1484 1766 1755 1839 regimen
1775 1750 1913 1851 {5¹22}
1983 1753 2058 1851 {t

152 1814 372 1881 credidit
398 1868 414 1897 ‚
463 1827 752 1904 exemplis
786 1837 1225 1913 praec'eptisque
1258 1838 1383 1897 suis
1421 1841 1755 1903 instructos
1776 1836 2053 1935 discip’un,

151 1890 390 1973 reliquit,
433 1912 506 1961 ut
545 1916 606 1964 et
631 1910 981 1969 commissas
1023 1916 1186 1977 Oves
1217 1916 1387 1975 intra
1424 1918 1755 1981 moderatae
1774 1934 1909 1985 circa
1947 1936 2055 2002 lap-

151 1966 438 2049 disciplinae
485 1993 656 2058 septa
680 2003 1022 2062 coercere,
1085 2002 1146 2051 et
1204 1995 1527 2056 continere
1582 2000 1753 2059 omni
1774 2018 1877 2059 zos.

150 2049 310 2111 studio
336 2066 720 2136 satagerent3
746 2074 808 2121 et
828 2067 876 2123 si
907 2088 1058 2143 quas
1081 2070 1245 2130 forte
1268 2118 1284 2143 ‚
1313 2094 1524 2133 amore
1545 2096 1753 2152 pravae

147 2118 404 2191 libertatis
431 2133 751 2213 abreptaS,
785 2144 1000 2216 procul
1023 2168 1058 2205 a
1101 2151 1199 2207 via
1229 2148 1439 2209 salutis
1466 2149 1753 2214 licentius

146 2199 396 2267 aberrare
437 2218 860 2293 contingeret,
920 2242 1020 2281 eas
1068 2223 1146 2283 ad
1195 2224 1421 2287 bonam
1474 2230 1747 2307 frugem,

143 2286 191 2334 et
223 2282 296 2343 ad
341 2286 550 2351 debita
594 2296 844 2363 justitiae
897 2299 1094 2350 officia
1131 2314 1463 2369 renovare,
1503 2318 1751 2365 ostensa

142 2357 487 2426 potissimum
535 2384 606 2422 ac
647 2367 960 2442 proposita
1005 2372 1219 2443 venia,
1272 2374 1749 2439 misericorditer

143 2433 478 2498 niterentur.
509 2446 649 2500 Haec
671 2456 880 2503 autem
915 2450 1138 2506 summi
1168 2454 1486 2509 Pastorum
1515 2456 1744 2515 Princi-

141 2509 210 2580 pis
241 2512 601 2577 documenta
629 2540 754 2595 prae
791 2520 982 2581 oculis
1023 2523 1319 2584 babentes
1343 2528 1743 2593 Praedecess‘o-

139 2603 210 2645 res
254 2594 458 2653 Nostri
499 2600 765 2657 Romani
805 2600 1126 2660 Pontifices
1150 2645 1164 2669 ,
1224 2604 1747 2679 quemadmodum

140 2669 407 2731 atrociora
451 2675 768 2749 quaedam,
809 2688 872 2736 et
915 2681 1198 2753 graviora
1234 2682 1491 2741 crimina
1536 2704 1745 2776 severe

140 2747 370 2807 notanda
389 2795 404 2823 ,
437 2770 508 2809 ac
531 2752 810 2813 districte
833 2756 1204 2817 vindicanda
1233 2758 1544 2821 duxerunt
1562 2807 1577 2831 ‚
1604 2759 1745 2823 latis

137 2832 316 2883 contra
346 2841 876 2890 eorumauctores
908 2838 1195 2895 Censuris
1214 2882 1229 2907 ‚
1260 2836 1515 2915 aliisque
1540 2838 1740 2899 Eccle-

137 2896 586 2981 siasticispoenis
607 2954 622 2981 ,
666 2928 930 2985 quarum
969 2911 1420 2975 absolutionem
1450 2958 1467 2981 ,
1509 2936 1617 2975 seu
1650 2938 1744 2977 re-

135 2966 494 3055 laxationem,
525 3004 642 3059 pro
673 3006 955 3062 suprema
994 3002 1297 3065 potestate
1336 2995 1399 3053 in
1448 2995 1739 3055 universa

135 3050 356 3117 Ecclesia
373 3059 491 3119 sibi
513 3082 794 3123 concessa
811 3110 825 3133 ‚
847 3086 958 3124 suo
982 3067 1276 3142 peculiari
1300 3072 1527 3148 judicio
1549 3092 1740 3132 reser-

135 3145 358 3207 varunt,
409 3158 487 3196 ne
539 3139 769 3201 scilicet
820 3144 1154 3217 impunitas
1202 3148 1496 3222 peccandi
1542 3148 1735 3209 delin-

133 3212 418 3277 quentium
469 3220 764 3277 excitaret
805 3220 1160 3295 audaciam,
1215 3226 1334 3299 ita,
1380 3246 1458 3285 ne
1518 3238 1739 3287 contra

133 3282 290 3346 nimia
343 3289 696 3355 obtinendae
747 3299 940 3357 veniae
991 3297 1315 3360 difficultas
1373 3304 1739 3378 poenitentes

132 3358 186 3417 ad
209 3364 690 3443 desperationem
716 3373 1501 3455 propellerem-opportuna
1530 3402 1739 3445 rever-

132 3436 186 3493 sis
219 3442 292 3501 ad
336 3466 440 3505 cor
470 3447 712 3519 ⁴offerre
739 3498 754 3526 ‚
809 3464 994 3529 atque
1055 3454 1383 3519 admovere
1431 3460 1733 3535 remedia,
