2434 3992
583 144 710 211 456
1070 141 1459 209 Bsmsmcn
1494 138 1671 205 XIV.

319 261 528 313 Pon.
579 250 842 311 cialibus
897 248 1499 321 constitutionibus,
1554 258 1619 307 et
1661 244 2175 311 Ordinationibus
2198 262 2222 326 ,’

344 330 412 381 Α.
434 331 499 381 V·
587 348 828 387 necnon
853 326 1202 403 quibusvis,
1246 327 1435 385 etiam
1460 330 1810 401 iuramento
1838 366 1855 395 ‚
1891 325 2217 387 confirma·

585 406 751 463 tione
789 400 1174 479 Apostolica‚
1199 400 1320 463 vel
1363 401 1578 478 quavis
1622 400 1917 461 firmitate
1958 399 2083 461 alia
2119 424 2219 464 ro·

577 479 814 541 boratis
841 482 1126 551 statutis,
1167 488 1231 537 et
1266 474 1848 550 consuetudinibus,
1890 479 2081 537 etiam
2108 480 2219 539 im·

582 552 1085 615 memorabilibus
1115 576 1132 629 ς
1170 553 1505 631 privilegiis
1546 572 1824 629 quoque,
1878 556 2219 631 exemptio-

582 633 766 691 nibus
783 676 798 703 ,
819 642 882 690 et
905 630 1160 691 indultis
1193 632 1380 690 etiam
1406 633 1469 689 in
1500 650 1757 705 corpore
1782 632 1939 707 iuris
1965 629 2220 704 clausis,

577 721 692 769 aut
730 708 945 767 Literis
979 705 1341 783 Apostolicis
1376 705 1691 783 quibusvis
1719 707 1997 766 Personis
2020 751 2037 779 ‚
2078 706 2218 768 Col-

576 784 752 861 legiis
781 828 798 857 ,
857 786 1064 857 Locis,
1125 782 1464 843 Ordinibus
1496 828 1514 855 ,
1563 784 1750 842 etiam
1804 780 2179 844 militaribus
2200 828 2219 859 ,

583 860 1194 937 Congregationibus‚
1209 860 1611 921 Societatibus
1628 904 1645 933 ‚
1667 860 1973 918 Institutis
1993 903 2011 931 ,
2031 861 2221 920 ctiam

581 936 902 998 Societatis
946 942 1084 997 Jesu
1109 980 1124 1011 ‚
1164 936 1463 997 etSancti
1490 936 1742 995 Joannis
1772 933 2214 1010 Hierosolymi-

579 1016 747 1085 tani‚
783 1011 990 1073 aliisve
1033 1010 1417 1089 quibuslibet
1446 1031 1475 1071 s
1518 1011 1726 1071 eciflca
1746 1054 1763 1083 ,
1798 1020 1863 1069 et
1895 1010 2214 1072 ind1vidua

579 1091 894 1149 mentione
925 1090 1152 1164 dignis,
1189 1089 1377 1151 etiam
1409 1108 1479 1149 su
1550 1086 2035 1163 quibuscumque
2071 1106 2208 1149 ver·

576 1165 804 1227 borum
845 1164 1160 1231 tenoribus·
1186 1210 1203 1239 ,
1238 1175 1302 1223 et
1341 1164 1589 1237 formis,
1626 1175 1690 1223 et
1718 1183 1863 1223 cum
1894 1162 2214 1240 quibusvis

581 1246 764 1303 etiam
809 1240 1098 1302 clausulis
1137 1254 1200 1303 et
1240 1240 1501 1302 decretis
1528 1282 1544 1309 ‚
1582 1242 1769 1299 etiam
1804 1238 2207 1315 derogator-iu·

579 1340 722 1378 rum
766 1318 1168 1395 derogatoriis
1203 1362 1222 1391 ‚
1284 1328 1347 1377 et
1394 1316 1785 1376 irritantibus
1830 1316 1889 1375 in
1978 1334 2166 1376 encre
2194 1362 2213 1388 ‚

580 1393 678 1455 vel
721 1397 786 1454 in
839 1397 1074 1471 specie,
1126 1396 1309 1459 etiam
1351 1404 1528 1453 motu
1571 1391 1798 1465 simili,
1832 1402 1895 1451 et
1931 1336 2009 1451 de
2046 1395 2215 1470 Apo-

573 1467 803 1531 stolicae
850 1473 1171 1547 potestatis
1213 1467 1636 1546 plenitudine,
1684 1489 1789 1529 seu
1835 1469 2219 1529 consistoria-

577 1542 722 1607 liter
756 1591 772 1619 ,
817 1566 914 1617 ‚ac
979 1546 1128 1606 alias
1191 1545 1656 1625 quomodolibet
1714 1546 1779 1604 in
1830 1546 2219 1607 contrarium

576 1624 1028 1702 praemissorum
1053 1625 1351 1683 concessis
1374 1664 1390 1694 ,
1420 1644 1494 1684 ac
1532 1620 1765 1699 pluries
1800 1620 2181 1683 confirmatis
2198 1667 2217 1697 ‚

577 1720 660 1775 ap
704 1699 934 1761 robatis
951 1744 968 1772 ‚
993 1710 1060 1759 et
1077 1701 1408 1761 innovatis.
1432 1699 1666 1775 Quibus
1692 1696 1982 1759 omnibus
2006 1707 2073 1757 et
2091 1700 2219 1759 sin·

579 1720 738 1851 gulis
755 1820 771 1845 ‚
793 1778 1028 1837 etiamsi
1053 1796 1168 1853 pro
1193 1774 1443 1838 illorum
1469 1774 1793 1835 sufficienti
1819 1774 2217 1850 derogatione

581 1854 660 1911 de
688 1850 808 1911 illis
822 1896 836 1923 ‚
853 1871 1193 1929 eorumque
1211 1853 1358 1912 totis
1380 1850 1697 1913 tenoribus
1712 1894 1730 1926 ,
1750 1848 2030 1928 specialis
2047 1896 2064 1925 ,
2078 1871 2215 1928 spe-

573 1928 756 1988 cifica
785 1972 803 2001 ‚
861 1940 924 1989 et
966 1928 1287 1988 individua
1337 1930 1571 1988 mentio
1596 1973 1613 2003 ,
1662 1946 1771 1986 seu
1818 1928 2048 2004 quaevis
2087 1926 2208 1988 alia

579 2006 882 2079 expressio
909 2002 988 2063 ad
1015 2004 1076 2063 id
1103 2002 1405 2064 servanda
1426 2004 1621 2077 foret,
1654 2002 1909 2063 illorum
1934 2014 2205 2079 tenores,

577 2080 806 2139 formas
826 2125 842 2153 ,
883 2100 1126 2153 causa3‚
1171 2091 1237 2141 et
1274 2082 1617 2142 occasiones
1657 2080 2063 2157 praesentibus
2092 2100 2212 2159 pro

577 2154 759 2231 plene
785 2199 804 2225 .,
849 2166 910 2215 et
943 2154 1315 2217 sufficienter
1353 2157 1645 2234 expressis
1671 2202 1689 2231 ,
1734 2168 1799 2217 et
1837 2159 2213 2219 exactissime

577 2233 832 2293 serva-tis
869 2243 934 2291 et
970 2233 1328 2309 specificatis
1350 2235 1685 2311 respective
1712 2232 2022 2295 habentes
2038 2274 2058 2305 ‚
2088 2232 2215 2293 illis

577 2306 728 2369 alias
763 2306 828 2369 in
857 2329 970 2369 suo
987 2309 1211 2371 robore
1234 2311 1653 2387 permansuris
1672 2354 1690 2384 ‚
1722 2310 1840 2369 hac
1869 2310 2006 2372 vice
2031 2309 2211 2371 dum·

577 2395 780 2457 taxat,
808 2385 885 2445 ad
919 2387 1371 2463 praemissorum
1410 2386 1694 2447 effectum
1724 2386 2115 2463 plenissime,
2148 2397 2217 2447 et

577 2460 944 2538 amplissime
969 2474 1139 2523 motu
1168 2465 1303 2539 pari
1330 2463 1693 2540 derogamus
1712 2504 1731 2528 ,
1758 2473 1822 2523 et
1849 2462 2217 2537 derogatum

579 2558 706 2597 esse
761 2537 1044 2601 volumus
1089 2578 1110 2608 ,
1162 2542 1518 2617 caeterisque
1573 2540 1900 2601 contrariis
1948 2538 2205 2617 quibus-

324 2656 560 2709 Publica.
577 2634 864 2692 cumque·
1242 2692 1253 2705 .
2168 2696 2183 2707 .
2220 2701 2231 2706 -

281 2722 415 2775 sioni
437 2740 560 2789 prae-
653 2689 710 2769 §-
751 2691 849 2751 23.
896 2689 1196 2753 Volumus
1237 2711 1521 2769 insuper,
1567 2702 1631 2753 et
1682 2692 1897 2757 eadem
1944 2703 2211 2753 auctori-

281 2788 560 2841 sentiscon
579 2777 708 2827 tate
735 2766 1016 2845 praedicta
1042 2767 1403 2829 mandamus
1430 2813 1447 2843 ‚
1482 2779 1553 2828 ut
1580 2769 1805 2831 eedem
1847 2780 2211 2845 praesentes,

281 2856 521 2906 stitutio·
581 2854 645 2902 et
679 2844 744 2905 in
791 2846 878 2909 eis
911 2854 1202 2913 contenta
1239 2864 1640 2923 quaecumque
1670 2847 1750 2907 ad
1780 2847 2058 2907 omnium
2092 2866 2209 2907 no·

282 2922 442 3001 nisit}
460 2924 559 3001 Uf-
580 2922 782 2979 titiam
829 2920 1064 2981 facilius
1117 2920 1543 2995 deducantur,
1567 2960 1573 2967 -
1594 2942 1705 2983 nec
1758 2924 2083 3000 quisquam
2128 2921 2213 2981 de

281 2990 345 3039 be
367 2990 556 3067 tribui·
580 2996 666 3057 eis
711 2998 1138 3073 ignorantiam,
1159 2998 1543 3073 praetendere
1581 2998 1816 3073 valeat,
1860 3002 2020 3075 ipsas
2092 3018 2207 3059 rae·

281 3062 370 3105 ω’
447 3072 528 3107 '¹⁸
579 3082 778 3133 sentes
819 3113 844 3142 ,
889 3094 996 3133 seu
1063 3094 1277 3135 earum
1342 3082 1729 3151 transumpta
1761 3118 1781 3149 ,
1838 3076 1947 3140 ad,
1992 3096 2065 3136 va
2094 3094 2208 3135 vas

277 3136 556 3238 ffi‘wssst‘i·
580 3148 855 3209 Ecclesiae
907 3154 967 3209 S.
1025 3152 1279 3211 Joannis
1320 3152 1386 3210 in
1436 3156 1739 3217 Laterano
1768 3190 1787 3222 ,
1829 3162 1895 3211 et
1934 3149 2209 3211 Basilica

282 3252 531 3305 magoni,
579 3227 870 3302 Principis
906 3225 1343 3303 Apostolorum
1386 3227 1463 3288 de
1500 3228 1704 3299 Urbe,
1750 3247 1993 3287 necnon
2040 3232 2203 3288 Can·

280 3320 526 3373 omnibu,
577 3300 834 3363 cellariae
870 3302 1261 3379 Apostolum,
1296 3306 1618 3380 Curiaeque
1652 3302 1969 3365 Generalis
2012 3309 2210 3363 Inno-

277 3386 448 3437 factae.
577 3380 872 3445 centianae
908 3380 970 3441 in
1002 3386 1208 3443 Monte
1246 3382 1583 3457 citatorio,
1620 3382 1774 3445 etin
1808 3382 1956 3443 Acie
1985 3381 2207 3519 Clalmpi

2082 3474 2211 3519 01·ae
