2434 3992
354 242 595 299 Pomm

388 315 458 365 A.
483 308 591 365 Iv.

354 395 531 457 ptione

356 461 627 523 praedicto-

352 545 467 579 rum
507 524 629 577 Offi-

349 594 582 645 eialium.

658 116 783 185 238
881 174 890 182 ,
1146 116 1536 183 ΒΕΝΕΒῐοΤι
1578 112 1748 181 XIV.
1793 68 1798 75 η

656 238 719 289 et
750 223 1163 315 soljicitudine
1200 224 1456 296 delecti,
1489 246 1559 285 ac
1575 228 1864 285 Romano
1903 226 2160 287 Pontifici
2191 229 2260 289 ab

654 304 869 364 eodem
904 306 1292 379 praesentati,
1331 302 1441 363 ubi
1469 302 1850 363 Pontificiam
1885 303 2259 364 confirmatio.

655 402 796 441 nem
831 380 1115 442 obtinere
1159 382 1503 441 meruerint
1524 424 1540 449 ,
1571 380 1786 439 Literis
1811 380 2156 441 Parentibus
2183 384 2260 457 ip-

653 460 777 518 sius
828 459 1075 535 Maioris
1112 458 1599 530 poenitentiarii,
1645 455 1994 531 electionis,
2049 467 2112 517 et
2143 478 2256 518 con-

654 536 1019 595 firmationis
1071 534 1427 614 hujusmodi
1467 532 1722 597 testibus
1762 580 1779 606 ‚
1827 556 1973 595 cum
2033 534 2253 595 subscri-

650 614 866 689 ptione
914 612 1172 689 alicujus
1214 614 1538 673 Secretarii
1595 611 1887 690 expeditis
1915 659 1932 684 ‚
1993 610 2066 669 ad
2115 633 2258 679 suum

650 691 913 767 quisque
938 689 1207 753 officium
1245 690 1675 750 admittantur.
1709 687 1803 750 Ad
1827 694 2260 749 Procuratorum

650 786 842 839 vem,
884 776 949 827 et
1006 766 1388 844 Scriptorum
1429 766 1630 829 officia
1685 764 1764 826 ab
1814 765 2030 826 eodem
2083 766 2260 843 Maiori

649 844 1264 905 Poenitentiario'non
1293 843 1394 905 alii
1417 843 1758 921 eligantur,
1794 853 1857 902 et
1889 842 2257 918 recipiantur,

653 939 839 997 quam
877 923 983 998 qui
1018 923 1192 1000 prius
1220 969 1236 997 ‚
1279 920 1512 981 indicto
1558 919 1808 998 publice
1840 924 2182 992 Concursu,
2213 929 2260 979 et

652 1019 827 1058 mora
878 1020 975 1059 sex
1036 999 1278 1059 dierum
1335 1000 1729 1075 interposita,
1793 1018 1827 1056 a
1869 1001 2164 1073 Regente‚
2214 1006 2261 1055 et

652 1079 1020 1135 Correctore
1072 1096 1258 1153 super
1295 1078 1423 1137 vita
1445 1121 1462 1146 ‚
1500 1074 1778 1135 moribus
1800 1115 1814 1142 ‚
1854 1084 2062 1141 aetate,
2103 1074 2258 1133 scien·

588 1184 596 1189 -
653 1155 779 1221 tia,
806 1156 1159 1230 caeterisque
1204 1154 1510 1231 requisitis
1543 1150 1945 1229 qualitatibus
1979 1148 2262 1226 diligenter

415 1928 607 1977 Munus

347 1994 589 2060 Regeutis

346 2062 577 2127 designa.

350 2135 403 2177 tu
414 2148 453 2178 Γ.

652 1231 983 1299 examinati
1025 1275 1042 1301 ,
1115 1241 1179 1290 et
1241 1229 1626 1307 comprobati
1688 1228 1926 1288 fuerint
1958 1249 1977 1303 ς
2015 1226 2260 1303 alioquin

651 1326 863 1366 omnes
919 1306 1354 1382 praedictorum
1411 1305 1770 1368 Officiorum
1833 1306 2224 1364 concessiones
2249 1346 2260 1373 ,

652 1384 888 1442 etiamsi
916 1404 957 1443 a
990 1388 1272 1445 Romano
1309 1384 1604 1445 Pontifice
1639 1404 1709 1443 ex
1745 1380 1950 1458 aliqua
1979 1402 2150 1441 causa
2175 1379 2260 1439 ali-

650 1469 747 1517 ter
790 1458 963 1518 sactae
1020 1459 1289 1532 fuerint,
1340 1480 1456 1537 pro
1515 1462 1706 1520 irritis
1748 1458 2118 1519 habeantur.
2169 1460 2261 1532 Qui

650 1546 855 1595 autem
892 1538 1009 1593 rite
1034 1542 1203 1613 juxta
1242 1539 1658 1615 praescriptam
1679 1538 1944 1597 formam
1978 1534 2144 1597 electi
2167 1534 2263 1594 fue·

650 1613 778 1670 rint
803 1656 815 1673 .
856 1614 980 1670 suis
1022 1617 1256 1689 pariter
1305 1614 1666 1691 patentibus
1695 1616 1934 1673 ‘Literis
1994 1634 2029 1673 a
2083 1612 2261 1690 Maiori

650 1690 1115 1750 poenitentiario
1152 1696 1550 1764 niuniantun.
1611 1702 1800 1768 atque
1839 1690 1915 1751 ad
1960 1688 2260 1749 exercenda

648 1769 901 1843 propria
953 1786 1210 1829 munera
1234 1816 1252 1844 ,
1289 1766 1544 1846 singulis
1589 1770 1846 1830 inferius
1880 1766 2259 1844 designanda,
2361 1818 2363 1825 .

648 1844 1082 1905 admittantur.

724 1917 781 1999 §.
822 1940 912 1979 12.
940 1926 1229 1999 Regentis
1249 1943 1436 1999 porro
1473 1942 1730 1996 munim,
1801 1918 1927 1981 uod
1965 1942 2036 1983 ex
2063 1912 2258 1981 invete-

650 2008 785 2057 rata
831 2000 1280 2060 consuetudine
1327 2002 1436 2060 uni
1483 2020 1554 2059 ex
1585 2001 1762 2060 Ponti
1810 1999 1917 2057 ciis
1953 1997 2259 2077 capellanis

648 2080 989 2136 Causarum
1048 2076 1262 2138 Palatii
1307 2074 1642 2155 Apostolici
1680 2076 2092 2137 Auditoribus
2127 2096 2258 2135 com·
2360 2100 2361 2105 ¹

648 2153 810 2214 mitti
866 2152 1053 2228 solet,
1099 2156 1165 2215 in
1209 2176 1284 2216 eo
1337 2158 1524 2215 situm
1577 2165 1704 2227 est,
1755 2165 1828 2217 ut
1875 2173 1954 2211 ne
1995 2156 2112 2214 otia
2151 2154 2256 2212 uni.

646 2250 823 2291 versa
848 2274 861 2297 ‚
926 2252 995 2290 ea
1025 2278 1040 2303 ‚
1096 2254 1219 2310 qua
1278 2232 1456 2293 dccet
1501 2234 1775 2309 puritate
1829 2241 1894 2291 et
1985 2230 2258 2308 ,iligentiffi

645 2306 827 2383 dirigi
849 2309 1091 2370 studeat
1112 2321 1175 2371 et
1204 2332 1272 2371 ex
1319 2310 1497 2385 ediri3
1524 2308 2256 2386 proindequepetitiones,
2358 2308 2359 2319 ³

533 2392 556 2408 “
646 2404 939 2460 casusque
974 2407 1187 2447 omnes
1229 2410 1262 2449 a
1342 2388 1814 2447 Poenitentiariae
1859 2384 2140 2447 Officium
2179 2384 2258 2442 de·

644 2460 861 2520 ductos
913 2463 977 2521 in
1008 2466 1229 2539 primis
1271 2462 1597 2541 diligenter
1631 2465 1990 2540 examinet3
2039 2480 2259 2542 quaeque

644 2532 964 2615 pei-sbicua
997 2542 1158 2613 sint,
1199 2551 1262 2601 et
1303 2542 1640 2601 secundum
1673 2560 2067 2601 communem
2100 2542 2158 2599 in
2192 2558 2259 2597 eo·

643 2616 784 2675 dem
819 2616 1035 2677 Officio
1062 2639 1310 2678 cursum
1337 2661 1350 2684 ‚
1379 2618 1611 2697 absque
1634 2615 1994 2679 difficultate
2027 2615 2257 2695 expediri

644 2705 1101 2754 consueverunt
1136 2739 1153 2766 ‚
1222 2694 1435 2755 eadem
1500 2696 1767 2773 expediri
1828 2694 2092 2786 jubeat}
2145 2712 2254 2753 cum

644 2768 877 2828 nullius
916 2773 1171 2830 omnino
1210 2774 1475 2847 negotii,
1528 2782 1926 2851 quantumvis
1953 2770 2251 2837 ordinarii,
2353 2772 2355 2787 ⁴

644 2843 741 2905 vel
794 2844 945 2905 clari
984 2892 999 2919 ‚
1052 2848 1500 2925 expeditionem
1537 2894 1552 2923 ‚
1615 2848 1762 2909 sine’
1813 2850 2042 2925 praevia
2103 2848 2252 2923 ipsius

642 2926 930 2999 Regentis
969 2926 1426 2998 recognitione,
1471 2938 1534 2985 et
1578 2924 2032 3001 approbatione
2063 2929 2252 2993 Procu-

586 3043 593 3049 -
644 2999 953 3059 ratoribus
996 2999 1179 3061 liceat
1212 3004 1504 3081 incipere.
1543 3010 1690 3079 Quae
1731 3024 1880 3062 vero
1921 3002 2141 3075 dubia,
2177 2994 2248 3059 vel

644 3077 904 3137 obscura
934 3123 949 3148 ‚
1013 3077 1109 3137 vel
1164 3077 1375 3156 aliqua·
1425 3078 1784 3145 difficultate
1821 3079 2096 3140 involuta
2137 3097 2246 3137 conv

643 3158 940 3229 spexerit‚
966 3177 1035 3215 ea
1079 3160 1314 3232 Regens
1361 3158 1487 3233 ipse
1523 3157 1602 3217 ad
1651 3162 1948 3239 Maiorem
1987 3156 2247 3218 Poeniten-

643 3233 895 3292 tim-ium
934 3233 1193 3307 referat,
1235 3245 1309 3295 ut
1332 3232 1686 3310 diligentius
1727 3238 2166 3303 examinentur,
2195 3246 2247 3287 ao
2350 3276 2351 3281 κ

640 3308 893 3369 demum
930 3314 993 3371 in
1034 3318 1163 3390 ejus
1192 3313 1513 3387 Signatum
1551 3315 1864 3389 proposita
1899 3312 2245 3373 decidantur.

639 3388 723 3455 Ut
754 3406 903 3446 vero
928 3390 1109 3465 primi
1135 3392 1392 3467 generiS,
1419 3410 1553 3473 quae
1580 3390 1840 3453 diximus
1858 3436 1874 3464 ,
1899 3387 2248 3476 explicationi
