2434 3992
742 161 1190 229 nummum.
1663 167 1778 233 143

162 288 314 328 sexus
342 287 873 344 quorumcumque
916 271 1227 331 Ordinum
1260 316 1276 344 ,
1343 262 1778 349 Congregatio-
1841 288 1884 339 A
1911 306 1942 337 ιε
1965 306 1995 353 3«
2017 304 2050 337 o

166 366 334 415 num,
384 348 851 424 Societatisque,
902 358 966 406 et
1022 350 1336 419 Instituti‚
1384 360 1511 407 tam
1549 352 1777 411 Mendi·
1879 356 2026 424 1743.

166 424 413 480 cantium
435 468 450 495 ‚
492 442 678 496 quam
704 443 827 481 non
854 425 1332 485 Mendinantium
1351 470 1366 495 ‚
1417 446 1543 485 non
1569 437 1782 487 tamen

169 497 405 559 militum
454 496 691 559 Militiae
736 500 1119 576 huiusmodi,
1159 512 1460 579 perpetuo
1507 503 1778 563 declara-

168 596 317 640 mus,
358 576 727 634 inhaerentes
772 575 903 636 aliis
946 578 1128 654 huius
1174 584 1407 637 Sanetae
1448 580 1613 639 Sedis
1646 627 1662 652 ,
1721 590 1783 639 et

166 650 410 727 plurium
440 653 954 713 Praedecessorum
996 660 1360 715 Nostrorum
1383 702 1398 730 ,
1445 660 1784 731 praesertim

169 726 477 788 Clementis
550 734 722 793 VIII.
780 742 842 789 et
906 732 1145 791 Urbani
1192 737 1365 794 VIII.
1399 734 1560 792 eirca
1599 732 1783 799 Bunae

170 798 445 863 Cruciatae
466 851 481 876 ‚
512 826 583 863 ac
622 804 841 868 similia
889 808 1140 867 Indulta
1164 854 1179 882 ,
1227 812 1541 885 perpetuis
1563 809 1786 869 futuris

169 879 688 941 declarationibus.
718 884 1017 959 Quodque
1036 886 1177 961 ipsis
1199 904 1312 959 per
1331 886 1593 946 eundem
1623 891 1785 945 Con·
1843 892 1914 943 Et
1943 910 2090 943 com·

170 958 459 1019 fessnrium
495 970 647 1019 vota
676 959 964 1034 quaelibet
987 960 1286 1037 simplicia
1324 982 1436 1037 per
1477 982 1578 1021 eos
1611 964 1787 1021 emis·
1814 960 2054 1037 mutandi

171 1054 254 1105 sa,
289 1038 551 1110 exceptis
568 1034 929 1110 Religionis,
977 1040 1329 1108 castitatis,
1368 1058 1438 1095 ac
1480 1036 1787 1097 Ultrama-
1811 1028 1944 1104 Vim?
1966 1042 2091 1076 ⁸¹⁰²·

174 1112 323 1177 rin0,
388 1122 453 1169 et
510 1114 895 1172 visitationis
940 1117 1248 1176 Liminum
1301 1114 1742 1189 Apostolorum
1775 1095 1991 1186 ‚9¹¹⁰¹²·

173 1188 221 1244 in
256 1186 365 1244 alia
409 1190 514 1246 Pia
554 1192 757 1266 Opera
804 1192 921 1248 rite
976 1193 1348 1251 commutari
1400 1195 1670 1268 possint,
1723 1212 1793 1251 ac

171 1260 429 1335 valeant,
460 1265 851 1325 concedimus
871 1312 886 1339 ‚
924 1276 987 1325 et
1017 1266 1370 1343 elargimur.
1889 1252 1977 1329 ῩῙῖ
2016 1252 2096 1301 Ut

231 1336 281 1416 S.
320 1358 381 1417 9.
426 1344 534 1402 VI.
577 1346 837 1400 Praetera
872 1388 889 1414 ,
934 1352 1006 1401 ut
1057 1345 1242 1403 iidem
1301 1340 1746 1424 christifideles
1775 1335 2095 1435 ,teml'ffi'z-

170 1434 277 1474 non
302 1426 551 1475 tantum
582 1416 787 1491 semel,
812 1416 915 1477 sed
942 1419 1033 1477 bis
1054 1418 1296 1495 singulo
1323 1440 1570 1495 quoque
1594 1438 1759 1479 anno
1777 1463 1791 1489 ,
1819 1403 2044 1503 Sitifim

171 1512 276 1567 quo
318 1493 543 1552 harum
590 1497 961 1568 gratiarum,
994 1516 1098 1571 seu
1133 1496 1494 1557 facultatum
1525 1516 1791 1555 summa.
1818 1520 2004 1569 harum

174 1572 314 1626 rium
348 1572 741 1645 sumpserint,
774 1582 900 1631 tam
931 1590 1044 1647 pro
1068 1593 1149 1645 se,
1182 1592 1366 1650 quam
1401 1592 1514 1649 per
1541 1572 1796 1631 modum
1816 1586 2100 1653 gratiarum

172 1644 563 1721 Suffragiipro
584 1647 925 1706 Animabus
944 1651 1007 1705 in
1024 1650 1382 1723 Purgatorio
1413 1649 1790 1726 degentibus
1819 1652 2048 1719 praemia.

173 1720 578 1798 Indulgentias
598 1768 614 1795 ,
642 1726 1078 1783 concessiones
1103 1768 1113 1788 ,
1146 1728 1390 1785 Gratias
1411 1769 1426 1791 ,
1463 1734 1526 1783 et
1545 1722 1796 1783 Indulta
1819 1736 1901 1768 ⁸⁸⁸
1917 1717 2098 1794 13¹d01·

206 1798 446 1858 raedicta
480 1802 803 1876 consequi,
840 1802 1047 1877 eisque
1077 1799 1526 1869 infraeuudem
1565 1820 1799 1860 annum
1821 1790 2102 1860 gennas-et

173 1817 255 1933 liis
290 1885 359 1934 ut
396 1875 756 1957 praefertur,
816 1878 944 1950 uti,
983 1885 1046 1935 et
1086 1879 1316 1953 potiri,
1362 1897 1434 1935 ac
1487 1876 1801 1935 dictorum
1822 1866 2104 1965 ⁰⁰⁰⁰⁶ff2oe

179 1949 463 2011 bonorum
507 1950 920 2028 spiritualium
960 1955 1288 2041 participes
1323 1953 1455 2013 fieri
1511 1950 1801 2025 valeant,
1826 1934 2062 2034 aalma

176 2027 231 2087 in
271 2031 529 2087 Domino
560 2031 795 2105 pariter
826 2030 1238 2092 concedimus.
1826 2002 1987 2101 ‘imno
2027 2050 2104 2099 lu.

241 2101 292 2182 §-
330 2124 419 2162 ιο.
447 2109 608 2185 vVII.
654 2103 927 2165 Ulterius
962 2106 1161 2173 eidem
1212 2107 1444 2179 Priori,
1488 2126 1595 2171 seu
1648 2124 1800 2183 prae-
1825 2126 2056 2171 crentur.

181 2178 325 2240 dieto
357 2181 758 2256 Presbytem,
784 2192 857 2241 ut
883 2184 1039 2243 infra
1060 2230 1075 2255 ‚
1114 2184 1445 2261 deputato,
1479 2180 1645 2257 quod
1677 2184 1806 2273 ipse
1861 2202 1982 2253 vu,
2012 2201 2110 2251 Fa-

182 2276 343 2333 super
388 2258 845 2332 irregularitate
884 2280 1024 2319 cum
1064 2260 1159 2319 his
1181 2302 1194 2328 ‚
1235 2262 1342 2337 qui
1375 2258 1808 2320 Ecclesiastieis
1832 2270 2058 2333 culotates

182 2336 457 2403 censuris
507 2333 712 2415 ligati,
759 2336 1005 2408 Missae,
1054 2347 1117 2395 et
1156 2335 1275 2395 alia
1331 2336 1556 2395 Divina
1593 2335 1808 2396 Officia
1831 2334 2002 2412 quoad
2021 2336 2110 2397 ab·

185 2411 325 2481 (non
360 2422 571 2469 tamen
618 2412 681 2470 in
723 2422 1144 2493 contemptum
1180 2412 1500 2483 Clavium)
1533 2410 1809 2471 celebra-
1833 2404 2088 2517 δθιῑῑῑῑξῖ»

184 2490 409 2560 verint,
456 2498 566 2547 aut
621 2487 773 2547 alias
832 2508 900 2547 se⁴
938 2491 1175 2553 Divinis
1219 2488 1701 2559 immiscuerint,
1727 2500 1816 2548 'et
1837 2486 1954 2583 {¹5⁸³
1994 2488 2048 2581 ‘¹32

186 2582 350 2639 super
370 2563 491 2623 alia
517 2563 794 2641 qualibet
819 2563 1286 2640 Irregularitate
1319 2582 1388 2621 ex
1424 2560 1650 2621 delicto
1673 2584 1816 2639 pro·
1841 2552 2011 2651 Υξζξξὲ
2041 2554 2086 2583 ‘¹‘

188 2642 494 2717 venienter,
542 2639 881 2701 dnmmodo
914 2653 1121 2700 tamen
1153 2637 1574 2715 irregularitas
1609 2639 1816 2717 hujus-

190 2715 343 2775 modi
371 2737 440 2775 ex
466 2719 690 2794 quovis
718 2718 1083 2788 homicidio,
1105 2720 1234 2778 sive
1259 2735 1446 2802 opere
1469 2758 1482 2781 ,
1523 2717 1652 2775 sive
1675 2736 1819 2776 con·

190 2790 348 2863 silio,
407 2805 469 2853 et
516 2814 713 2869 prava
776 2796 1193 2853 insinuatione
1239 2802 1596 2875 perpetrato
1629 2836 1647 2863 ,
1713 2804 1824 2851 aut

192 2870 431 2929 simonia
458 2917 474 2943 ‚
518 2868 620 2939 vel
653 2874 956 2947 apostasia
992 2892 1026 2930 a
1072 2871 1262 2945 Fide,
1300 2879 1410 2929 aut
1447 2868 1697 2941 haeresi,
1723 2868 1825 2933 vel

190 2964 220 3001 a
262 2943 415 3005 mala
465 2947 777 3006 Ordinum
821 2950 1239 3023 susceptione,
1287 2968 1392 3007 seu
1439 2967 1510 3004 ex
1551 2942 1672 3004 alio
1719 2945 1822 3005 de-

190 3018 329 3079 licto
372 3023 728 3095 scandalum
756 3027 819 3084 in
846 3024 1077 3101 populo
1102 3034 1436 3099 generante
1460 3068 1477 3096 ,
1519 3042 1644 3081 non
1681 3040 1822 3097 pro-

192 3101 419 3159 venerit
450 3121 467 3175 3
530 3112 594 3160 et
651 3100 989 3161 dummodo
1053 3103 1191 3176 quis
1246 3102 1314 3161 in
1375 3097 1824 3175 irregularitate

192 3172 535 3251 hujusmodi
601 3196 713 3253 per
777 3198 877 3237 sex
934 3184 1167 3237 Menses
1223 3198 1350 3234 non
1403 3176 1822 3247 insorduerit‘‚

192 3271 325 3309 cum
360 3256 708 3314 retentione
749 3255 1189 3313 Beneficiorum
1225 3252 1479 3313 forsitan
1515 3252 1632 3311 sub
1669 3257 1823 3329 ejus-

194 3327 357 3386 modi
424 3328 885 3406 irregularitate
940 3344 1328 3407 receptorum
1362 3374 1378 3402 ‚
1435 3346 1588 3387 nou¹
1618 3339 1824 3388 tamen

196 3409 415 3463 Curam
475 3410 846 3467 Animarum
897 3428 1195 3466 annexam
1250 3404 1646 3473 habentium,
1713 3426 1825 3469 nec
1893 3456 1904 3463 .

194 3482 570 3556 'Dignitatum
592 3486 665 3549 ,in
688 3483 1193 3563 cathedralibus,
1225 3492 1288 3541 et
1313 3481 1691 3559 collegiatiS,
1731 3504 1834 3553 ne,-
