2434 3992
616 148 735 213 126
1125 149 1516 215 BENsmc'rt
1563 148 1738 215 XIV.

306 267 351 319 P
434 283 467 321 ῃ
494 283 547 321 Τ,
608 265 945 324 conventa,
988 265 1060 313 nt
1095 254 1254 315 alter
1297 275 1512 316 eorum
1541 302 1557 327 ,
1610 267 1748 332 post
1794 255 1982 317 latam
2013 259 2096 317 ab
2135 265 2260 321 Ec-

341 337 410 388 Α.
434 335 544 388 111.
607 328 940 389 clesiastico
1006 332 1222 391 Judice
1287 354 1473 407 super
1519 334 1896 393 Matrimonii
1962 334 2274 395 nullitate

607 409 1016 474 sententiam,
1086 409 1167 467 ab
1219 408 1430 467 eadem
1469 408 1782 485 appellare
1827 410 2066 471 audens
2099 457 2118 482 ‚
2179 408 2262 473 ad

610 483 921 557 quandam
981 496 1213 543 certam
1273 488 1546 561 pecuniae
1591 504 1894 545 summam
1941 486 2130 547 alteri
2183 489 2264 547 de

607 561 735 634 ipsa
775 562 1077 620 sententia
1098 564 1512 635 acquiescenti
1537 561 1896 622 solvendam
1927 574 2258 629 teneatur,

606 654 825 695 verum
884 638 1069 695 etiam
1122 638 1203 697 ab
1274 637 1694 699 Ecclesiastico
1747 640 1964 699 Judice
1997 680 2013 703 ,
2087 643 2259 716 apud

607 730 791 786 quem
826 712 1165 789 appellatio
1226 715 1512 775 instituta
1545 714 1774 787 fuerit,
1815 715 2260 793 Appellantem

606 788 685 922 gd
724 790 1143 849 omnimodam
1173 809 1426 851 summae
1471 791 1831 869 hujusmodi
1875 792 2260 859 solutionem

648 886 909 927 amnem.
1611 921 1618 929 ,.

377 953 558 1019 Negle-
682 941 751 1019 §.·
781 941 839 1001 5.
878 950 971 1003 De
996 943 1162 1001 bisce
1198 955 1402 1005 autem
1433 944 1618 1003 rebus
1652 947 2112 1005 accuratissime
2163 966 2256 1006 ex-

305 1029 422 1073 ctus
483 1021 845 1095 for-quisitis
920 1018 1272 1098 plenissime
1331 1021 1572 1092 edocti,
1621 1025 1744 1080 Nos
1814 1023 1878 1079 in
1919 1041 1990 1081 ea
2041 1043 2260 1083 sumus

312 1106 407 1170 ’ΜΞ
460 1106 583 1155 P'ae·
608 1098 911 1157 sententia
934 1140 947 1162 ‚
986 1098 1540 1165 inordinationem,
1559 1097 2118 1173 confusionemque
2149 1121 2258 1159 au·-

306 1164 511 1225 *ΜΨιῧιξ
606 1174 898 1233 tedictam
936 1178 998 1235 in
1052 1179 1263 1249 Regno
1290 1174 1550 1239 Poloniae
1569 1177 1874 1249 vigentem
1903 1218 1923 1245 ,
1958 1182 2256 1252 majorem

308 1224 583 1342 {msam
607 1252 671 1309 in
706 1262 946 1327 partem
970 1292 983 1313 ,
1023 1271 1093 1311 ex
1122 1270 1293 1310 more
1335 1251 1680 1325 modoque,
1704 1272 1828 1327 quo
1864 1254 2258 1312 Matrimonia

314 1308 581 1409 Νἷῖῑζῖἒζ,
606 1346 721 1402 per
770 1326 1081 1387 Poloniam
1132 1327 1600 1387 contrahuntur
1625 1374 1642 1397 ‚
1696 1348 1766 1387 ac
1796 1325 2259 1401 celebrantur,

307 1426 382 1475 nii
418 1461 439 1485 ‚
488 1427 565 1474 FO
610 1404 863 1462 omnino
898 1404 1141 1463 exoriri.
1188 1408 1354 1478 Saepe
1391 1424 1656 1463 numero
1689 1406 1889 1476 enim,
1915 1426 1996 1465 ac
2026 1406 2258 1481 passim

308 1510 416 1542 mes
467 1508 561 1542 con
608 1482 930 1553 praesentia
962 1482 1201 1555 proprii
1235 1480 1490 1539 Parochi
1523 1526 1544 1552 ‚
1585 1481 1732 1545 dum
1787 1484 2254 1542 Matrimonium

310 1560 579 1609 troversia·
609 1576 721 1629 per
742 1556 927 1615 verba
955 1556 1036 1616 de
1060 1558 1346 1632 praesenti
1371 1558 1799 1625 contrahitur,
1831 1556 2254 1630 desideratur,

310 1644 427 1675 rum
499 1640 673 1703 ἰζ-οὲ
712 1632 968 1693 cuilibet
1022 1634 1336 1692 Sacerdoti
1394 1633 1798 1693 inim-essendi
1854 1637 2260 1707 commissio,

310 1710 397 1770 ΡΨ
458 1692 585 1741 '⁸¹¹‘
612 1709 929 1769 interdum
960 1711 1151 1771 inscio
1174 1713 1362 1769 etiam
1388 1712 1644 1785 proprio
1661 1710 1933 1771 Parocho
1951 1756 1969 1782 ‚
1997 1711 2254 1773 deman-

307 1762 492 1813 ‘mate‘
611 1786 819 1846 datur.
878 1789 1397 1861 Frequentissime
1429 1789 1640 1847 -etiam
1695 1804 1878 1861 super
1917 1788 2253 1849 denuncia-

612 1863 884 1922 tionihus
942 1884 1053 1939 per
1107 1874 1232 1923 tres
1273 1869 1484 1925 Festos
1543 1863 1670 1922 dies
1713 1866 1876 1923 inter
1928 1866 2254 1927 Missarum

612 1937 909 1999 solemnia
941 1944 1003 1999 in
1035 1938 1376 1999 Parochiali
1412 1938 1675 1999 Ecclesia
1711 1950 1836 1999 tam
1865 1941 2034 2011 Viri,
2065 1962 2254 2017 quam

615 2015 886 2074 Mulieris
912 2060 935 2089 ‚
976 2016 1057 2075 de
1089 2017 1482 2076 Matrimonio
1521 2016 1947 2093 contrahendo
1989 2018 2126 2077 fieri
2163 2040 2254 2079 so-

613 2090 776 2160 litis,
824 2113 901 2153 ac
944 2103 1267 2168 tantopere
1367 2094 1692 2167 raescriptis
1719 2138 1740 2165 ‚
1796 2092 2190 2169 dispensatur
2233 2117 2253 2168 ς

614 2171 772 2227 itaut
806 2214 827 2235 .,
870 2168 1039 2227 nulla
1086 2172 1320 2229 interce
1364 2180 1506 2231 ente
1548 2167 1852 2243 legitima,
1905 2180 1970 2229 et
2003 2172 2252 2248 urgenti

612 2265 790 2305 causa
817 2292 837 2315 ‚
871 2266 947 2306 ne
984 2268 1107 2305 una
1144 2247 1396 2323 quidem
1445 2244 1832 2305 denuntiatio
1869 2245 2002 2305 fiat.

345 2353 573 2407 Praviet'
688 2322 743 2400 §-
784 2320 847 2380 6.
890 2322 1304 2397 Quamobrem
1371 2322 1690 2382 obstructa
1745 2325 1916 2381 omni
1954 2323 2093 2391 via,
2173 2345 2250 2383 ua

311 2424 591 2483 sectus,et
614 2397 1096 2473 adagnitionem
1153 2400 1468 2475 perveniri
1509 2408 1712 2475 posset
1745 2440 1759 2465 ,
1805 2420 1881 2457 an
1933 2345 2254 2475 qnodth

312 2489 556 2539 scandala
616 2478 1075 2535 Matrimonium
1100 2497 1243 2535 cum
1271 2474 1478 2533 debita
1514 2477 1835 2551 utriusque
1861 2477 2252 2541 contrahen-

310 2557 434 2607 inde
464 2572 588 2606 con·
616 2552 695 2611 tis
739 2550 1032 2616 libertate
1055 2599 1071 2625 ‚
1113 2563 1514 2614 et'consensu
1549 2551 1900 2611 celebretur
1931 2574 1948 2628 3
1992 2555 2250 2616 interce-

311 2623 804 2691 2q⁰⁸⁰1³⁸·datne
860 2631 1025 2689 inter
1084 2641 1423 2704 utrumque
1472 2628 1957 2689 Contrabentem
1995 2631 2250 2705 impedi·

616 2716 897 2767 mentum
954 2706 1245 2781 aliquod,
1303 2712 1496 2783 cujus
1529 2726 1710 2765 causa
1765 2705 2052 2782 deinceps
2091 2706 2256 2767 idem

617 2784 1082 2843 Matrimonium
1124 2789 1250 2859 iam
1303 2791 1692 2843 contractum
1735 2780 2024 2854 dissolvi,
2066 2794 2126 2843 et
2168 2786 2252 2843 ir-

617 2859 794 2921 ritari
828 2858 1086 2934 debeat3
1118 2861 1275 2919 Hinc
1309 2869 1691 2936 opportunus
1719 2858 1907 2917 datur
1937 2857 2104 2919 locus
2129 2860 2248 2919 fre-

524 2990 559 3006 „
616 2938 1027 3011 quentissimis
1063 2956 1247 3010 super
1285 2934 1570 2995 nullitate
1613 2935 2142 2996 matrimoniorum
2187 2940 2252 2996 in

616 3012 771 3073 facie
800 3012 1073 3075 Ecclesiae
1106 3014 1288 3071 etiam
1351 3014 1651 3072 initorum
1683 3011 2248 3088 disputationibus3

617 3090 929 3149 interdum
992 3089 1244 3166 quidem
1293 3088 1696 3149 contenditur
1737 3090 2200 3149 Matrimonium
2231 3134 2246 3159 ‚

617 3166 745 3225 sive
785 3188 897 3243 per
932 3167 1055 3225 vim
1076 3212 1092 3237 ‚
1134 3169 1265 3227 sive
1297 3186 1408 3243 per
1447 3176 1712 3231 metum,
1745 3177 1808 3224 et
1837 3165 1968 3224 sine
2001 3164 2250 3225 alterius

620 3246 911 3319 Coniugis
965 3242 1164 3303 libero
1212 3261 1512 3303 consensu
1561 3250 1954 3303 contractum
2006 3241 2250 3317 fuisse3

616 3320 929 3379 interdum
947 3342 1097 3383 vero
1112 3320 1614 3396 impedimentum
1632 3318 1992 3379 obtenditur
2006 3364 2021 3390 ,
2047 3319 2212 3394 quod
2229 3362 2244 3382 .

621 3399 990 3473 caeteroquin
1021 3397 1360 3473 legitimum
1380 3444 1398 3473 ‚
1429 3419 1502 3459 ac
1549 3401 1950 3471 canonicum,
1978 3406 2120 3463 ante
2161 3416 2254 3463 ree
